,name,09/30/2020,09/30/2019,09/30/2018,09/30/2017,09/30/2016,09/30/2015,09/30/2014,09/30/2013,09/30/2012,09/30/2011,09/30/2010,09/30/2009,09/30/2008,09/30/2007,09/30/2006,09/30/2005,09/30/2004,09/30/2003,09/30/2002,09/30/2001,09/30/2000,09/30/1999,09/30/1998,09/30/1997,09/30/1996,09/30/1995,09/30/1994,09/30/1993,09/30/1992,09/30/1991,09/30/1990,09/30/1989,09/30/1988,09/30/1987,09/30/1986,09/30/1985
0,TotalAssets,"4,829,621,000","5,839,515,000","6,214,867,000","6,439,988,000","6,832,019,000","7,152,012,000","6,721,861,000","6,264,827,000","5,721,085,000","5,003,891,000","4,265,370,000","4,161,024,000","3,588,045,000","2,885,369,000","2,134,712,000","1,663,350,000","1,406,844,000","1,415,835,000","1,227,313,000","1,364,507,000","1,259,492,000","1,109,700,000","1,090,400,000","1,033,600,000","821,900,000","710,200,000","624,800,000","610,900,000","585,500,000","575,200,000","582,900,000","591,200,000","576,500,000","571,300,000","563,200,000","616,000,000"
1,"	CurrentAssets","963,327,000","1,115,086,000","1,115,550,000","1,235,267,000","1,572,686,000","1,439,007,000","1,277,366,000","1,258,211,000","895,228,000","956,313,000","652,804,000","522,932,000","690,647,000","498,964,000","428,691,000","499,797,000","245,886,000","197,531,000","178,751,000","331,412,000","265,144,000","160,600,000","184,300,000","158,000,000","114,400,000","115,000,000","122,900,000","150,500,000","133,100,000","142,200,000","200,700,000","168,300,000","161,800,000","158,900,000","131,800,000","151,400,000"
2,"		CashCashEquivalentsAndShortTermInvestments","577,219,000","400,903,000","325,816,000","565,866,000","949,709,000","763,520,000","360,909,000","447,868,000","96,095,000","364,246,000","63,020,000","153,986,000","121,513,000","89,567,000","82,526,000","288,752,000","65,296,000","38,189,000","46,883,000","122,962,000","108,087,000","21,800,000","24,500,000","28,000,000","16,900,000","19,700,000","29,400,000","61,700,000","37,600,000","41,500,000","89,000,000","91,700,000","116,900,000","118,000,000","97,900,000","94,500,000"
3,"			CashAndCashEquivalents","487,884,000","347,943,000","284,355,000","521,375,000","905,561,000","717,977,000","360,909,000","447,868,000","96,095,000","364,246,000","63,020,000","141,486,000","121,513,000","89,215,000","33,853,000","288,752,000","65,296,000","38,189,000","46,883,000","122,962,000","108,087,000","21,800,000","24,500,000","28,000,000","16,900,000","19,700,000","29,400,000","61,700,000","37,600,000","41,500,000","89,000,000","91,700,000","116,900,000","118,000,000","97,900,000","94,500,000"
4,"				CashFinancial","487,884,000",,,,,,,,,,,,,,,,,,,,,,,,,,,,,,,,,,,
5,"			OtherShortTermInvestments","89,335,000","52,960,000","41,461,000","44,491,000","44,148,000","45,543,000",,,,,,"12,500,000",,"352,000","48,673,000",,,,,,,,,,,,,,,,,,,,,
6,"		Receivables","194,990,000","497,753,000","565,202,000","477,074,000","375,169,000","449,344,000","705,214,000","621,420,000","620,489,000","460,540,000","457,659,000","246,790,000","462,833,000","339,819,000","289,479,000","162,646,000","133,262,000","91,088,000","92,604,000","147,235,000","106,630,000","99,600,000","119,400,000","98,700,000","75,400,000","59,300,000","68,900,000","56,300,000","55,900,000","37,500,000","37,800,000","31,300,000","29,500,000","29,000,000","23,500,000","39,300,000"
7,"			AccountsReceivable","150,249,000","461,774,000","530,859,000","398,348,000","286,998,000","449,344,000","705,214,000","621,420,000","620,489,000","460,540,000","409,920,000","246,790,000","462,833,000","337,829,000","289,479,000","162,646,000","133,262,000","91,088,000","92,604,000","147,235,000","106,630,000",,"119,400,000",,"75,400,000",,,,,,,,,,,
8,"				GrossAccountsReceivable",,,,,,"455,525,000","709,811,000","626,215,000","621,431,000","461,316,000",,,,,,,,,,,,,,,,,,,,,,,,,,
9,"				AllowanceForDoubtfulAccountsReceivable",,,,,,"-6,181,000","-4,597,000","-4,795,000","-942,000","-776,000",,,,,,,,,,,,,,,,,,,,,,,,,,
10,"			TaxesReceivable","42,374,000","33,828,000","34,343,000","78,726,000","37,971,000",,,,,,"47,739,000",,,,,,,,,,,,,,,,,,,,,,,,,
11,"			OtherReceivables","2,367,000","2,151,000",,,"50,200,000",,,,"942,000",,,,,"1,990,000",,,,,,,,,,,,,,,,,,,,,,
12,"			ReceivablesAdjustmentsAllowances",,,,,,,,,"-942,000",,,,,,,,,,,,,,,,,,,,,,,,,,,
13,"		Inventory","104,180,000","149,653,000","158,134,000","137,204,000","124,325,000","128,729,000","106,241,000","88,866,000","78,777,000","54,407,000","43,402,000","44,723,000","33,098,000","29,145,000","26,165,000","21,313,000","20,826,000","22,533,000","22,511,000","28,934,000","25,598,000","25,200,000","25,400,000","19,600,000","16,900,000","21,300,000","21,000,000","17,600,000","17,600,000","16,700,000","10,100,000","8,800,000","7,700,000","8,600,000","6,700,000","8,600,000"
14,"			RawMaterials","104,180,000","149,653,000","158,134,000",,,,,,,,,,,,,,,,,,,,,,,,,,,,,,,,,
15,"		PrepaidAssets","23,412,000","19,878,000","17,933,000","7,930,000","31,899,000","14,955,000","13,750,000","19,254,000","16,992,000","49,736,000","64,171,000","63,549,000","16,103,000","9,599,000","11,090,000","16,126,000","22,156,000","45,721,000","16,753,000","32,281,000","24,829,000",,,,,,,,,,,,,,,
16,"		RestrictedCash","45,577,000","31,291,000","39,830,000","32,439,000","27,566,000","29,998,000","28,244,000","23,691,000","28,989,000",,,,"10,274,000","6,203,000",,"2,195,000",,,,,,,,,,,,,,,,,,,,
17,"		CurrentDeferredAssets","4,528,000","10,571,000","6,484,000","6,458,000","9,913,000","29,099,000","36,652,000","37,131,000","37,364,000","19,855,000","14,282,000","12,861,000","21,939,000","11,559,000","10,168,000","8,765,000","4,346,000",,,,,,,,,,,,,,,,,,,
18,"			CurrentDeferredTaxesAssets",,,,,0,"17,200,000","16,519,000","25,736,000","17,555,000","19,855,000","14,282,000","12,861,000","21,939,000","11,559,000","10,168,000","8,765,000","4,346,000",,,,,,,,,,,,,,,,,,,
19,"		AssetsHeldForSaleCurrent",,,,"3,000","45,416,000","8,097,000","7,206,000","3,705,000","7,619,000","7,529,000",,,,,,,,,,,,,,,,,,,,,,,,,,
20,"		OtherCurrentAssets","13,421,000","5,037,000","2,151,000","8,293,000","8,689,000","15,265,000","19,150,000","16,276,000","8,903,000","584,538,000","10,270,000","1,023,000","24,887,000","13,072,000","9,263,000",,,,,,,"14,000,000","15,000,000","11,700,000","5,200,000","14,700,000","3,600,000","14,900,000","22,000,000","46,500,000","63,800,000","36,500,000","7,700,000","3,300,000","3,700,000","9,000,000"
21,"	TotalNonCurrentAssets","3,866,294,000","4,724,429,000","5,099,317,000","5,204,721,000","5,259,333,000","5,713,005,000","5,444,495,000","5,006,616,000","4,825,857,000","4,047,578,000","3,612,566,000","3,638,092,000","2,897,398,000","2,386,405,000","1,706,021,000","1,163,553,000","1,160,958,000","1,218,304,000","1,048,562,000","1,033,095,000","994,348,000","949,100,000","906,100,000","875,600,000","707,500,000","595,200,000","501,900,000","460,400,000","452,400,000","433,000,000","382,200,000","422,900,000","414,700,000","412,400,000","431,400,000","464,600,000"
22,"		NetPPE","3,675,123,000","4,473,147,000","4,788,494,000","4,977,215,000","5,122,581,000","5,545,095,000","5,166,486,000","4,654,408,000","4,351,571,000","3,677,070,000","3,275,020,000","3,265,907,000","2,682,251,000","2,152,616,000","1,483,134,000","981,965,000","998,674,000","1,058,205,000","897,445,000","818,404,000","673,605,000","691,200,000","692,400,000","539,000,000","463,500,000","423,800,000","400,700,000","358,800,000","364,600,000","336,500,000","282,700,000","292,500,000","280,900,000","272,000,000","273,100,000","301,600,000"
23,"			GrossPPE","8,487,394,000","9,089,197,000","9,077,359,000","8,816,929,000","8,424,700,000","8,538,184,000","7,835,011,000","6,957,373,000","6,306,098,000","5,341,061,000","4,683,694,000","4,546,337,000","3,754,251,000","3,057,271,000","2,303,716,000","1,737,989,000","1,683,112,000","1,679,210,000","1,439,322,000","1,686,567,000","1,480,390,000","1,448,300,000","1,378,600,000","1,160,900,000","1,070,400,000","1,010,800,000","943,200,000","873,300,000","848,800,000","783,400,000","703,400,000","694,400,000","650,300,000","621,300,000","602,900,000","586,700,000"
24,"				Properties","7,928,515,000","8,499,633,000","8,442,081,000","8,197,572,000","7,881,544,000","7,985,052,000","7,191,281,000","6,493,606,000","62,177,000","61,476,000","61,735,000","61,114,000",0,0,,0,0,0,0,0,0,,,,,,,,,,,,,,,
25,"				LandAndImprovements",,,,,,,,,,,,,"60,811,000","59,467,000",,"57,489,000","56,307,000","56,247,000","48,925,000","572,252,000","508,373,000",,,,,,,,,,,,,,,
26,"				MachineryFurnitureEquipment",,,,,,,,,"5,743,354,000","4,834,985,000","4,285,277,000","4,076,371,000","3,263,818,000","2,651,680,000","1,911,039,000","1,549,112,000","1,531,937,000","1,490,389,000","1,235,784,000","1,028,015,000","891,749,000",,,,,,,,,,,,,,,
27,"				OtherProperties","509,287,000","471,803,000","471,310,000","450,031,000","444,843,000","457,614,000","354,853,000","310,515,000","284,813,000","211,897,000","182,087,000","176,797,000","150,200,000","131,482,000","172,074,000","96,614,000","93,640,000","87,570,000","82,310,000","86,300,000","80,268,000",,,,,,,,,,,,,,,
28,"				ConstructionInProgress","49,592,000","117,761,000","163,968,000","169,326,000","98,313,000","95,518,000","288,877,000","153,252,000","215,754,000","232,703,000","154,595,000","232,055,000","279,422,000","214,642,000","220,603,000","34,774,000","1,228,000","45,004,000","72,303,000",,,,,,,,,,,,,,,,,
29,"			AccumulatedDepreciation","-4,812,271,000","-4,616,050,000","-4,288,865,000","-3,839,714,000","-3,302,119,000","-2,993,089,000","-2,668,525,000","-2,302,965,000","-1,954,527,000","-1,663,991,000","-1,408,674,000","-1,280,430,000","-1,072,000,000","-904,655,000","-820,582,000","-756,024,000","-684,438,000","-621,005,000","-541,877,000","-868,163,000","-806,785,000","-757,100,000","-686,200,000","-621,900,000","-606,900,000","-587,000,000","-542,500,000","-514,500,000","-484,200,000","-446,900,000","-420,700,000","-401,900,000","-369,400,000","-349,300,000","-329,800,000","-285,100,000"
30,"		GoodwillAndOtherIntangibleAssets","126,680,000","169,502,000","137,984,000","102,490,000",,,,,,,,,,,,,,,,,,,,,,,,,,,,,,,,
31,"			Goodwill","45,653,000","82,786,000","64,777,000","51,705,000",,,,,,,,,,,,,,,,,,,,,,,,,,,,,,,,
32,"			OtherIntangibleAssets","81,027,000","86,716,000","73,207,000","50,785,000",,,,,,,,,,,,,,,,,,,,,,,,,,,,,,,,
33,"		InvestmentProperties","15,801,000","28,937,000","68,888,000","23,836,000","22,152,000","22,140,000","22,058,000","21,695,000",,,,,,,,,,,,,,,,,,,,,,,,,,,,
34,"		InvestmentsAndAdvances","31,585,000","31,991,000","98,696,000","84,026,000","84,955,000","104,354,000","236,644,000","316,154,000","451,144,000","347,924,000","320,712,000","356,404,000",,,,,,,,,,,,,,,,,,,,,,,,
35,"		OtherNonCurrentAssets","17,105,000","20,852,000","5,255,000","17,154,000","29,645,000","41,416,000","19,307,000","14,359,000","23,142,000","22,584,000","16,834,000","15,781,000","215,147,000","233,789,000","222,887,000","181,588,000","162,284,000","160,099,000","151,117,000","214,691,000","320,743,000","257,900,000","213,700,000","336,600,000","244,000,000","171,400,000","101,200,000","101,600,000","87,800,000","96,500,000","99,500,000","130,400,000","133,800,000","140,400,000","158,300,000","163,000,000"
36,TotalLiabilitiesNetMinorityInterest,"1,511,107,000","1,827,292,000","1,832,132,000","2,275,397,000","2,271,094,000","2,254,560,000","1,830,884,000","1,821,100,000","1,886,087,000","1,733,844,000","1,457,905,000","1,478,015,000","1,322,571,000","1,069,853,000","752,820,000","584,112,000","492,734,000","498,584,000","332,143,000","338,030,000","303,789,000","261,600,000","297,300,000","253,000,000","175,900,000","147,800,000","100,500,000","102,000,000","92,200,000","84,100,000","103,400,000","147,800,000","145,700,000","150,500,000","155,000,000","188,100,000"
37,"	CurrentLiabilities","219,136,000","410,238,000","377,168,000","344,385,000","330,120,000","351,228,000","507,526,000","452,273,000","381,164,000","416,729,000","232,638,000","301,906,000","308,957,000","226,612,000","264,548,000","89,481,000","59,903,000","88,618,000","72,899,000","121,221,000","78,894,000","71,900,000","125,500,000","95,200,000","62,600,000","69,600,000","46,700,000","46,400,000","35,900,000","34,000,000","53,900,000","53,900,000","26,500,000","23,800,000","23,500,000","33,000,000"
38,"		PayablesAndAccruedExpenses","156,283,000","332,958,000","331,092,000","286,431,000","262,656,000","237,104,000","434,944,000","303,137,000","259,217,000","296,750,000","204,686,000","196,906,000","282,224,000","226,612,000","235,827,000","89,481,000","59,903,000","58,618,000","72,899,000","121,221,000","78,894,000","25,700,000","41,900,000","42,600,000","25,600,000","26,400,000","22,600,000","23,800,000","16,300,000","14,000,000","16,300,000","18,300,000",,,,
39,"			Payables","103,456,000","192,989,000","190,722,000","179,277,000","126,865,000","149,696,000","235,180,000","182,707,000","196,587,000","103,852,000","125,468,000","70,218,000","153,851,000","124,556,000","138,750,000","44,854,000","28,012,000","29,630,000","41,045,000","67,595,000","32,279,000","25,700,000","41,900,000","42,600,000","25,600,000","26,400,000","22,600,000","23,800,000","16,300,000","14,000,000","16,300,000","18,300,000",,,,
40,"				AccountsPayable","36,468,000","123,146,000","132,664,000","135,628,000","95,422,000","110,704,000","182,031,000","144,379,000","159,420,000","103,852,000","80,534,000","70,218,000","153,851,000","124,556,000","138,750,000","44,854,000","28,012,000","29,630,000","41,045,000","67,595,000","32,279,000","25,700,000","41,900,000","42,600,000","25,600,000","26,400,000","22,600,000","23,800,000","16,300,000","14,000,000","16,300,000","18,300,000",,,,
41,"				TotalTaxPayable","39,762,000","69,843,000","58,058,000","43,649,000","31,443,000","38,992,000","53,149,000","38,328,000","37,167,000",,"44,934,000",,,,,,,,,,,,,,,,,,,,,,,,,
42,"					IncomeTaxPayable",0,"19,277,000","7,375,000","8,011,000",0,0,"10,611,000",0,"1,325,000",,0,,,,,,,,,,,,,,,,,,,,,,,,,
43,"				DividendsPayable","27,226,000",,,,,,,,,,,,,,,,,,,,,,,,,,,,,,,,,,,
44,"			CurrentAccruedExpenses","52,827,000","139,969,000","140,370,000","107,154,000","135,791,000","87,408,000","199,764,000","120,430,000","62,630,000","192,898,000","79,218,000","126,688,000","128,373,000","102,056,000","97,077,000","44,627,000","31,891,000","28,988,000","31,854,000","53,626,000","46,615,000",,,,,,,,,,,,,,,
45,"		PensionandOtherPostRetirementBenefitPlansCurrent","36,518,000","37,117,000","15,887,000","22,159,000","14,801,000","10,796,000","8,118,000","7,028,000","52,187,000",,,,,,,,,,,,,,,,,,,,,,,,,,,
46,"		CurrentDebtAndCapitalLeaseObligation","11,364,000",,,,,"39,094,000","40,000,000","115,000,000","40,000,000","115,000,000",,"105,000,000","26,733,000",,"28,721,000",,,"30,000,000",,,,"5,000,000","44,800,000","5,000,000","5,000,000","21,700,000",,"5,700,000","1,100,000","1,900,000","20,700,000","21,800,000","2,800,000","2,900,000","4,000,000","4,800,000"
47,"			CurrentDebt",,,,,,"39,094,000","40,000,000","115,000,000","40,000,000","115,000,000",,"105,000,000","26,733,000",,"28,721,000",,,"30,000,000",,,,"5,000,000","44,800,000","5,000,000","5,000,000","21,700,000",,"5,700,000","1,100,000","1,900,000","20,700,000","21,800,000","2,800,000","2,900,000","4,000,000","4,800,000"
48,"				CurrentNotesPayable",,,,,,,,,,,,0,"1,733,000",,"3,721,000",,,"30,000,000",,,,,,,,,,,,,,,,,,
49,"				OtherCurrentBorrowings",,,,,,"39,094,000","40,000,000",,,,,"105,000,000","25,000,000",,"25,000,000",,,,,,,,,,,,,,,,,,,,,
50,"			CurrentCapitalLeaseObligation","11,364,000",,,,,,,,,,,,,,,,,,,,,,,,,,,,,,,,,,,
51,"		CurrentDeferredLiabilities","14,971,000","40,163,000","30,189,000","35,721,000","52,604,000","60,857,000","21,247,000","23,898,000","24,631,000",,"19,960,000",,,,,,,,,,,,,,,,,,,,,,,,,
52,"			CurrentDeferredRevenue","14,971,000","40,163,000","30,189,000","35,721,000","52,604,000","60,857,000","21,247,000","23,898,000","11,280,000",,"6,438,000",,,,,,,,,,,,,,,,,,,,,,,,,
53,"		OtherCurrentLiabilities",,,,"74,000","59,000","3,377,000","3,217,000","3,210,000","5,129,000","4,979,000","7,992,000",,,,,,,,,,,"41,200,000","38,800,000","47,600,000","32,000,000","21,500,000","24,100,000","16,900,000","18,500,000","18,100,000","16,900,000","13,800,000","23,700,000","20,900,000","19,500,000","28,200,000"
54,"	TotalNonCurrentLiabilitiesNetMinorityInterest","1,291,971,000","1,417,054,000","1,454,964,000","1,931,012,000","1,940,974,000","1,903,332,000","1,323,358,000","1,368,827,000","1,504,923,000","1,317,115,000","1,225,267,000","1,176,109,000","1,013,614,000","843,241,000","488,272,000","494,631,000","432,831,000","409,966,000","259,244,000","216,809,000","224,895,000","189,700,000","171,800,000","157,800,000","113,300,000","78,200,000","53,800,000","55,600,000","56,300,000","50,100,000","49,500,000","93,900,000","119,200,000","126,700,000","131,500,000","155,100,000"
55,"		LongTermDebtAndCapitalLeaseObligation","514,613,000","479,356,000","493,968,000","492,902,000","491,847,000","492,443,000","40,000,000","80,000,000","195,000,000","235,000,000","360,000,000","420,000,000","475,000,000","445,000,000","175,000,000","200,000,000","200,000,000","200,000,000","100,000,000","50,000,000","50,000,000","50,000,000","50,000,000",,,,,"3,600,000","8,300,000","5,700,000","5,600,000","49,100,000","70,700,000","74,700,000","79,300,000","85,500,000"
56,"			LongTermDebt","480,727,000","479,356,000","493,968,000","492,902,000","491,847,000","492,443,000","40,000,000","80,000,000","195,000,000","235,000,000","360,000,000","420,000,000","475,000,000","445,000,000","175,000,000","200,000,000","200,000,000","200,000,000","100,000,000","50,000,000","50,000,000","50,000,000","50,000,000",,,,,"3,600,000","8,300,000","5,700,000","5,600,000","49,100,000","70,700,000","74,700,000","79,300,000","85,500,000"
57,"			LongTermCapitalLeaseObligation","33,886,000",,,,,,,,,,,,,,,,,,,,,,,,,,,,,,,,,,,
58,"		NonCurrentDeferredLiabilities","663,835,000","816,082,000","855,874,000","1,340,378,000","1,367,237,000","1,334,534,000","1,219,077,000","1,232,829,000","1,247,354,000","975,280,000","771,383,000","681,542,000","479,963,000","363,534,000","269,919,000","246,975,000","194,573,000","181,737,000","131,401,000","144,439,000","156,650,000","116,600,000","103,500,000","141,300,000","98,300,000","66,000,000","44,500,000","44,700,000","39,100,000","42,000,000","40,500,000","42,100,000","43,300,000","46,900,000","45,500,000","61,500,000"
59,"			NonCurrentDeferredTaxesLiabilities","650,675,000","806,611,000","853,136,000","1,332,689,000","1,342,456,000","1,295,065,000","1,215,259,000","1,222,981,000","1,221,224,000","975,280,000","771,383,000","681,542,000","479,963,000","363,534,000","269,919,000","246,975,000","194,573,000","181,737,000","131,401,000","144,439,000","156,650,000","116,600,000","103,500,000","141,300,000","98,300,000","66,000,000","44,500,000","44,700,000","39,100,000","42,000,000","40,500,000","42,100,000","43,300,000","46,900,000","45,500,000","61,500,000"
60,"			NonCurrentDeferredRevenue","2,955,000","9,471,000","2,738,000","7,689,000","24,781,000","39,469,000","3,818,000","9,848,000","6,766,000",,,,,,,,,,,,,,,,,,,,,,,,,,,
61,"		NonCurrentAccruedExpenses",,,,,,,,,"12,385,000",,,,,,,,,,,,,,,,,,,,,,,,,,,
62,"		EmployeeBenefits","91,412,000","88,886,000","74,431,000","67,026,000","61,413,000","49,276,000","38,781,000","35,611,000","40,142,000",,,,,,,,,,,,,,,,,,,,,,,,,,,
63,"			NonCurrentPensionAndOtherPostretirementBenefitPlans","54,043,000","51,768,000","35,051,000","37,989,000","39,762,000","28,430,000","25,305,000","23,404,000","40,142,000",,,,,,,,,,,,,,,,,,,,,,,,,,,
64,"		LiabilitiesHeldforSaleNonCurrent","13,389,000","15,341,000","14,254,000","4,012,000","3,890,000","4,720,000","3,989,000","495,000","2,490,000","2,550,000",,,,,,,,,,,,,,,,,,,,,,,,,,
65,"		OtherNonCurrentLiabilities","8,722,000","17,389,000","16,437,000","26,694,000","16,587,000","22,359,000","21,511,000","19,892,000","7,552,000","104,285,000","93,884,000","74,567,000","58,651,000","34,707,000","43,353,000","47,656,000","38,258,000","28,229,000","27,843,000","22,370,000","18,245,000","23,100,000","18,300,000","16,500,000","15,000,000","12,200,000","9,300,000","7,300,000","8,900,000","2,400,000","3,400,000","2,700,000","5,200,000","5,100,000","6,700,000","8,100,000"
66,TotalEquityGrossMinorityInterest,"3,318,514,000","4,012,223,000","4,382,735,000","4,164,591,000","4,560,925,000","4,897,452,000","4,890,977,000","4,443,727,000","3,834,998,000","3,270,047,000","2,807,465,000","2,683,009,000","2,265,474,000","1,815,516,000","1,381,892,000","1,079,238,000","914,110,000","917,251,000","895,170,000","1,026,477,000","955,703,000","848,100,000","793,100,000","780,600,000","646,000,000","562,400,000","524,300,000","508,900,000","493,300,000","491,100,000","479,500,000","443,400,000","430,800,000","420,800,000","408,200,000","427,900,000"
67,"	StockholdersEquity","3,318,514,000","4,012,223,000","4,382,735,000","4,164,591,000","4,560,925,000","4,897,452,000","4,890,977,000","4,443,727,000","3,834,998,000","3,270,047,000","2,807,465,000","2,683,009,000","2,265,474,000","1,815,516,000","1,381,892,000","1,079,238,000","914,110,000","917,251,000","895,170,000","1,026,477,000","955,703,000","848,100,000","793,100,000","780,600,000","646,000,000","562,400,000","524,300,000","508,900,000","493,300,000","491,100,000","479,500,000","443,400,000","430,800,000","420,800,000","408,200,000","427,900,000"
68,"		CapitalStock","11,215,000","11,208,000","11,201,000","11,196,000","11,140,000","11,099,000","11,051,000","10,874,000","10,760,000","10,724,000","10,706,000","10,706,000","10,706,000","10,706,000","10,706,000","5,353,000","5,353,000","5,353,000","5,353,000","5,353,000","5,353,000","5,400,000",,,,,,,,,,,,,,
69,"			PreferredStock",0,0,0,0,0,0,0,0,0,0,,0,,,,,,,,,,,,,,,,,,,,,,,,
70,"			CommonStock","11,215,000","11,208,000","11,201,000","11,196,000","11,140,000","11,099,000","11,051,000","10,874,000","10,760,000","10,724,000","10,706,000","10,706,000","10,706,000","10,706,000","10,706,000","5,353,000","5,353,000","5,353,000","5,353,000","5,353,000","5,353,000","5,400,000",,,,,,,,,,,,,,
71,"		AdditionalPaidInCapital","521,628,000","510,305,000","500,393,000","487,248,000","448,452,000","420,141,000","383,972,000","288,758,000","236,240,000","210,909,000","191,900,000","176,039,000","169,497,000","143,146,000","135,500,000","112,297,000","85,466,000","83,302,000","82,489,000","80,324,000","66,090,000","61,400,000",,,,,,,,,,,,,,
72,"		RetainedEarnings","3,010,012,000","3,714,307,000","4,027,779,000","3,855,686,000","4,289,807,000","4,649,952,000","4,525,797,000","4,102,663,000","3,505,295,000","2,954,210,000","2,547,917,000","2,414,942,000","2,082,518,000","1,645,766,000","1,215,127,000","939,380,000","828,763,000","840,776,000","838,929,000","943,105,000","813,885,000","746,000,000","716,900,000","629,600,000","557,500,000","495,700,000","496,300,000","482,400,000","468,000,000","467,600,000","456,000,000","429,900,000","417,500,000","407,100,000","394,500,000","396,300,000"
73,"		TreasuryStock","198,153,000","194,962,000","173,188,000","191,839,000","188,270,000","182,363,000","112,969,000","91,098,000","84,104,000","4,704,000","27,165,000","31,129,000","35,654,000","59,987,000","49,086,000","25,202,000","41,724,000","45,838,000","47,591,000","49,802,000","32,412,000","35,300,000",,,,,,,,,,,,,,
74,"		GainsLossesNotAffectingRetainedEarnings","-26,188,000","-28,635,000","16,550,000","2,300,000","-204,000","-1,377,000","83,126,000","132,530,000","166,807,000","98,908,000","84,107,000","112,451,000","38,407,000","75,885,000","69,645,000","47,410,000","36,252,000","33,658,000","15,990,000","47,497,000","102,787,000","70,700,000",,,,,,,,,,,,,,
75,"		OtherEquityInterest",,,,,,,,,,,,,,,,,,,,,,"-100,000","76,200,000","151,000,000","88,500,000","66,700,000","28,000,000","26,500,000","25,300,000","23,500,000","23,500,000","13,500,000","13,300,000","13,700,000","13,700,000","31,600,000"
76,TotalCapitalization,"3,799,241,000","4,491,579,000","4,876,703,000","4,657,493,000","5,052,772,000","5,389,895,000","4,930,977,000","4,523,727,000","4,029,998,000","3,505,047,000","3,167,465,000","3,103,009,000","2,740,474,000","2,260,516,000","1,556,892,000","1,279,238,000","1,114,110,000","1,117,251,000","995,170,000","1,076,477,000","1,005,703,000","898,100,000","843,100,000","780,600,000","646,000,000","562,400,000","524,300,000","512,500,000","501,600,000","496,800,000","485,100,000","492,500,000","501,500,000","495,500,000","487,500,000","513,400,000"
77,CommonStockEquity,"3,318,514,000","4,012,223,000","4,382,735,000","4,164,591,000","4,560,925,000","4,897,452,000","4,890,977,000","4,443,727,000","3,834,998,000","3,270,047,000","2,807,465,000","2,683,009,000","2,265,474,000","1,815,516,000","1,381,892,000","1,079,238,000","914,110,000","917,251,000","895,170,000","1,026,477,000","955,703,000","848,100,000","793,100,000","780,600,000","646,000,000","562,400,000","524,300,000","508,900,000","493,300,000","491,100,000","479,500,000","443,400,000","430,800,000","420,800,000","408,200,000","427,900,000"
78,CapitalLeaseObligations,"45,250,000",,,,,,,,,,,,,,,,,,,,,,,,,,,,,,,,,,,
79,NetTangibleAssets,"3,191,834,000","3,842,721,000","4,244,751,000","4,062,101,000","4,560,925,000","4,897,452,000","4,890,977,000","4,443,727,000","3,834,998,000","3,270,047,000","2,807,465,000","2,683,009,000","2,265,474,000","1,815,516,000","1,381,892,000","1,079,238,000","914,110,000","917,251,000","895,170,000","1,026,477,000","955,703,000","848,100,000","793,100,000","780,600,000","646,000,000","562,400,000","524,300,000","508,900,000","493,300,000","491,100,000","479,500,000","443,400,000","430,800,000","420,800,000","408,200,000","427,900,000"
80,WorkingCapital,"744,191,000","704,848,000","738,382,000","890,882,000","1,242,566,000","1,087,779,000","769,840,000","805,938,000","514,064,000","539,584,000","420,166,000","221,026,000","381,690,000","272,352,000","164,143,000","410,316,000","185,983,000","108,913,000","105,852,000","210,191,000","186,250,000","88,700,000","58,800,000","62,800,000","51,800,000","45,400,000","76,200,000","104,100,000","97,200,000","108,200,000","146,800,000","114,400,000","135,300,000","135,100,000","108,300,000","118,400,000"
81,InvestedCapital,"3,799,241,000","4,491,579,000","4,876,703,000","4,657,493,000","5,052,772,000","5,428,989,000","4,970,977,000","4,638,727,000","4,069,998,000","3,620,047,000","3,167,465,000","3,208,009,000","2,767,207,000","2,260,516,000","1,585,613,000","1,279,238,000","1,114,110,000","1,147,251,000","995,170,000","1,076,477,000","1,005,703,000","903,100,000","887,900,000","785,600,000","651,000,000","584,100,000","524,300,000","518,200,000","502,700,000","498,700,000","505,800,000","514,300,000","504,300,000","498,400,000","491,500,000","518,200,000"
82,TangibleBookValue,"3,191,834,000","3,842,721,000","4,244,751,000","4,062,101,000","4,560,925,000","4,897,452,000","4,890,977,000","4,443,727,000","3,834,998,000","3,270,047,000","2,807,465,000","2,683,009,000","2,265,474,000","1,815,516,000","1,381,892,000","1,079,238,000","914,110,000","917,251,000","895,170,000","1,026,477,000","955,703,000","848,100,000","793,100,000","780,600,000","646,000,000","562,400,000","524,300,000","508,900,000","493,300,000","491,100,000","479,500,000","443,400,000","430,800,000","420,800,000","408,200,000","427,900,000"
83,TotalDebt,"525,977,000","479,356,000","493,968,000","492,902,000","491,847,000","531,537,000","80,000,000","195,000,000","235,000,000","350,000,000","360,000,000","525,000,000","501,733,000","445,000,000","203,721,000","200,000,000","200,000,000","230,000,000","100,000,000","50,000,000","50,000,000","55,000,000","94,800,000","5,000,000","5,000,000","21,700,000",,"9,300,000","9,400,000","7,600,000","26,300,000","70,900,000","73,500,000","77,600,000","83,300,000","90,300,000"
84,NetDebt,,"131,413,000","209,613,000",,,,,,"138,905,000",,"296,980,000","383,514,000","380,220,000","355,785,000","169,868,000",,"134,704,000","191,811,000","53,117,000",,,"33,200,000","70,300,000",,,"2,000,000",,,,,,,,,,
85,ShareIssued,"112,151,563","112,080,262","112,008,961","111,956,875","111,400,339","110,987,546","110,508,605","108,738,577","107,598,889","107,243,473","107,057,904","107,057,904","107,057,904","103,484,943","103,869,144","103,869,180","100,890,872","100,280,728","100,021,340","99,705,594","99,960,944","99,252,000","98,766,000","100,056,000","99,544,000","99,060,000","98,840,000","98,548,000","98,304,000","107,056,000","97,940,000","96,688,000","107,056,000","107,056,000","106,944,000","100,584,000"
86,OrdinarySharesNumber,"107,488,242","108,437,904","108,993,718","108,604,047","108,077,916","107,767,915","108,232,284","106,716,970","105,697,693","107,086,324","105,819,161","105,486,218","105,222,421","103,484,943","103,869,144","103,869,180","100,890,872","100,280,728","100,021,340","99,705,594","99,960,944","99,252,000","98,766,000","100,056,000","99,544,000","99,060,000","98,840,000","98,548,000","98,304,000","107,056,000","97,940,000","96,688,000","107,056,000","107,056,000","106,944,000","100,584,000"
87,TreasurySharesNumber,"4,663,321","3,642,358","3,015,243","3,352,828","3,322,423","3,219,631","2,276,321","2,021,607","1,901,196","157,149","1,238,743","1,571,686","1,835,483",,,,,,,,,,,,,,,,,,,,,,,
0,TotalRevenue,"1,773,927,000","2,798,490,000","2,487,268,000","1,804,741,000","1,624,232,000","3,165,441,000","3,719,707,000","3,387,614,000","3,151,802,000","2,543,894,000","1,875,162,000","1,894,038,000","2,036,543,000","1,629,658,000","1,224,813,000","800,726,000","620,928,000","515,284,000","510,928,000","826,854,000","631,095,000","564,300,000","636,600,000","517,900,000","387,500,000","325,800,000","329,000,000","315,100,000","239,700,000","190,400,000","238,500,000","171,200,000","155,900,000","153,900,000","160,400,000","168,800,000"
1,"	OperatingRevenue","1,761,714,000","2,785,557,000","2,449,051,000","1,788,758,000","1,610,957,000","3,151,254,000","3,706,297,000","3,374,153,000","3,151,802,000","2,543,894,000","1,875,162,000","1,894,038,000","2,036,543,000","1,629,658,000","1,224,813,000","800,726,000","593,326,000","507,331,000","482,484,000","816,262,000","599,122,000","564,300,000","636,600,000","517,900,000","387,500,000","325,800,000","329,000,000","315,100,000","239,700,000","190,400,000","238,500,000","171,200,000","155,900,000","153,900,000","160,400,000","168,800,000"
2,CostOfRevenue,"1,672,450,000","2,371,389,000","2,236,412,000","1,834,860,000","1,497,392,000","2,311,155,000","2,533,461,000","2,308,391,000","1,750,510,000","1,432,602,000","1,071,959,000","1,011,558,000","1,086,666,000","862,254,000","661,563,000","484,231,000","416,631,000","345,537,000","336,890,000","447,420,000","339,625,000","342,500,000","356,300,000","283,100,000","235,900,000","210,300,000","223,800,000","201,700,000","149,000,000","111,800,000","109,100,000","77,300,000","70,500,000","61,500,000","65,100,000","103,600,000"
3,GrossProfit,"101,477,000","427,101,000","250,856,000","-30,119,000","126,840,000","854,286,000","1,186,246,000","1,079,223,000","1,401,292,000","1,111,292,000","803,203,000","882,480,000","949,877,000","767,404,000","563,250,000","316,495,000","204,297,000","169,747,000","174,038,000","379,434,000","291,470,000","221,800,000","280,300,000","234,800,000","151,600,000","115,500,000","105,200,000","113,400,000","90,700,000","78,600,000","129,400,000","93,900,000","85,400,000","92,400,000","95,300,000","65,200,000"
4,OperatingExpense,"189,158,000","221,883,000","218,786,000","163,049,000","156,452,000","151,010,000","151,044,000","141,485,000","510,916,000","408,781,000","351,407,000","298,948,000","245,932,000","135,085,000","145,964,000","137,289,000","132,086,000","123,516,000","81,838,000","144,364,000","151,631,000","150,400,000","127,300,000","103,100,000","87,100,000","101,300,000","74,500,000","70,100,000","66,000,000","66,700,000","61,800,000","55,600,000","52,600,000","53,600,000","84,300,000","57,300,000"
5,"	SellingGeneralAndAdministration","167,513,000","194,416,000","200,619,000","151,002,000","146,183,000","134,906,000","135,139,000","126,250,000","107,307,000","91,452,000","81,479,000","59,413,000","57,059,000","47,401,000","51,873,000","41,015,000","37,661,000","41,003,000","20,391,000","15,415,000","11,578,000","14,200,000","11,800,000","9,300,000","9,100,000","8,800,000","8,900,000","6,800,000","6,800,000","13,600,000","6,800,000","4,200,000","6,300,000","11,600,000","34,600,000","4,200,000"
6,"		GeneralAndAdministrativeExpense",,,,"151,002,000","146,183,000","134,906,000","135,139,000","126,250,000",,,,,,,,,,,,,,,,,,,,,,,,,,,,
7,"			OtherGandA",,,,"151,002,000","146,183,000","134,906,000","135,139,000","126,250,000",,,,,,,,,,,,,,,,,,,,,,,,,,,,
8,"	ResearchAndDevelopment","21,645,000","27,467,000","18,167,000","12,047,000","10,269,000","16,104,000","15,905,000","15,235,000","16,060,000","15,764,000","12,262,000","9,671,000","1,833,000",,,,,,,,,,,,,,,,,,,,,,,
9,"	DepreciationAmortizationDepletionIncomeStatement",,,,,,,,,"387,549,000","315,468,000","262,658,000","236,437,000","210,766,000","146,042,000","101,583,000","96,274,000","94,425,000","82,513,000","61,447,000","87,309,000","110,851,000","110,700,000","89,800,000","72,500,000","61,100,000","77,100,000","50,100,000","48,600,000","47,700,000","40,300,000","41,600,000","41,700,000","37,600,000","34,200,000","38,500,000","40,400,000"
10,"		DepreciationAndAmortizationInIncomeStatement",,,,,,,,,"387,549,000","315,468,000","262,658,000","236,437,000","210,766,000","146,042,000","101,583,000","96,274,000","94,425,000","82,513,000","61,447,000","87,309,000","110,851,000","110,700,000","89,800,000","72,500,000","61,100,000","77,100,000","50,100,000","48,600,000","47,700,000","40,300,000","41,600,000","41,700,000","37,600,000","34,200,000","38,500,000","40,400,000"
11,"			DepreciationIncomeStatement",,,,,,,,,"387,549,000","315,468,000","262,658,000","236,437,000",,,,,,,,,,,,,,,,,,,,,,,,
12,"	OtherOperatingExpenses",,,,,,,,,,"-13,903,000","-4,992,000","-6,573,000","-23,726,000","-58,358,000","-7,492,000",,,,,"41,640,000","29,202,000","25,500,000","25,700,000","21,300,000","16,900,000","15,400,000","15,500,000","14,700,000","11,500,000","12,800,000","13,400,000","9,700,000","8,700,000","7,800,000","11,200,000","12,700,000"
13,OperatingIncome,"-87,681,000","205,218,000","32,070,000","-193,168,000","-29,612,000","703,276,000","1,035,202,000","937,738,000","890,376,000","702,511,000","451,796,000","583,532,000","703,945,000","632,319,000","417,286,000","179,206,000","72,211,000","46,231,000","92,200,000","235,070,000","139,839,000","71,400,000","153,000,000","131,700,000","64,500,000","14,200,000","30,700,000","43,300,000","24,700,000","11,900,000","67,600,000","38,300,000","32,800,000","38,800,000","11,000,000","7,900,000"
14,NetNonOperatingInterestIncomeExpense,"-17,170,000","-15,720,000","-16,248,000","-13,832,000","-19,747,000","-9,202,000","-3,071,000","-4,476,000","-7,273,000","-15,404,000","-15,347,000","-8,525,000",,,,,,,,,,,,,,,,,,,,,,,,
15,"	InterestIncomeNonOperating","7,304,000","9,468,000","8,017,000","5,915,000","3,166,000","5,834,000","1,583,000","1,653,000","1,380,000","1,951,000","1,811,000","4,965,000",,,,,,,,,,,,,,,,,,,,,,,,
16,"	InterestExpenseNonOperating","24,474,000","25,188,000","24,265,000","19,747,000","22,913,000","15,036,000","4,654,000","6,129,000","8,653,000","17,355,000","17,158,000","13,490,000",,,,,,,,,,,,,,,,,,,,,,,,
17,OtherIncomeExpense,"-531,647,000","-240,720,000","19,000","22,402,000","-23,308,000","-28,427,000","64,183,000","181,035,000","19,477,000","-40,000","1,787,000","808,000","50,727,000","132,176,000","35,265,000","42,696,000","-23,190,000","6,533,000","31,503,000","12,771,000","35,194,000","3,600,000","5,600,000","2,300,000","7,500,000","1,100,000","900,000",,"-4,600,000","22,000,000","3,100,000","100,000",,,,"23,200,000"
18,"	GainOnSaleOfSecurity","-8,720,000","-54,488,000","1,000",,"-25,989,000",,"45,234,000","162,121,000",,"913,000",,,,,,,,,,,,,,,,,,,,,,,,,,
19,"	EarningsFromEquityInterest",,,,,,,,,,,,,"17,366,000","9,892,000","7,268,000","2,412,000","724,000","-1,420,000","3,059,000","2,179,000","3,221,000",,,,,,,,,,,,,,,
20,"	SpecialIncomeCharges","-517,543,000","-184,636,000","-468,000","20,627,000","3,646,000","-27,526,000","19,585,000","18,923,000","19,477,000","-953,000","1,787,000","808,000","33,361,000","122,284,000","27,997,000","40,284,000","-23,914,000","7,953,000","28,444,000","10,592,000","31,973,000","3,600,000","5,600,000","2,300,000","7,500,000","1,100,000","900,000",,"-4,600,000","22,000,000","3,100,000","100,000",,,,"23,200,000"
21,"		RestructuringAndMergernAcquisition","16,047,000",,,,,,,,,,,,,,,,,,,,,,,,,,,,,,,,,,,
22,"		ImpairmentOfCapitalAssets","563,234,000","224,327,000","23,128,000",0,"6,250,000","39,242,000",,,,,,,,,,,,,,,,,,,,,,,,,,,,,,
23,"		WriteOff","563,234,000",,,,,,,,,,,,,,,,,,,,,,,,,,,,,,,,,,,
24,"		GainOnSaleOfBusiness","14,963,000",,,,,,,,,,,,,,,,,,,,,,,,,,,,,,,,,,,
25,"		GainOnSaleOfPPE","46,775,000","39,691,000","22,660,000","20,627,000","9,896,000","11,716,000","19,585,000","18,923,000",,,,,,,,,,,,,,,,,,,,,,,,,,,,
26,"	OtherNonOperatingIncomeExpenses","-5,384,000","-1,596,000","486,000","1,775,000","-965,000","-901,000","-636,000","-9,000",,,,,,,,,,,,,,,,,,,,,,,,,,,,
27,PretaxIncome,"-636,498,000","-51,222,000","15,841,000","-184,598,000","-72,667,000","665,647,000","1,096,314,000","1,114,297,000","902,580,000","687,067,000","438,236,000","575,815,000","699,929,000","690,353,000","440,981,000","212,657,000","8,000,000","33,942,000","91,220,000","235,102,000","136,763,000","68,500,000","157,900,000","129,700,000","71,200,000","14,800,000","31,200,000","42,000,000","19,400,000","33,500,000","69,800,000","32,500,000","26,500,000","32,100,000","2,600,000","24,200,000"
28,TaxProvision,"-140,106,000","-18,712,000","-477,169,000","-56,735,000","-19,677,000","243,375,000","387,548,000","392,844,000","328,971,000","252,399,000","152,155,000","232,381,000","255,557,000","250,984,000","154,391,000","87,463,000","4,365,000","14,649,000","40,573,000","93,027,000","57,684,000","25,700,000","56,700,000","45,500,000","25,800,000","5,000,000","10,200,000","17,400,000","8,600,000","12,300,000","22,200,000","9,800,000","6,300,000","10,100,000","-4,400,000","5,700,000"
29,EarningsFromEquityInterestNetOfTax,,,,,,,,,,0,0,"10,111,000",,,,,,,,,,,,,,,,,,,,,,,,
30,NetIncomeCommonStockholders,"-497,144,000","-36,758,000","478,326,000","-130,023,000","-58,686,000","420,051,000","704,574,000","732,797,000","581,045,000","434,186,000","156,312,000","353,545,000","461,738,000","449,261,000","293,858,000","127,606,000","4,359,000","17,873,000","63,517,000","144,254,000","82,300,000","42,800,000","101,200,000","84,200,000","72,500,000","9,800,000","25,000,000","24,600,000","10,800,000","21,200,000","47,600,000","22,700,000","20,200,000","22,000,000","7,000,000","18,500,000"
31,"	NetIncome","-494,497,000","-33,656,000","482,672,000","-128,212,000","-56,828,000","422,225,000","708,719,000","736,639,000","581,045,000","434,186,000","156,312,000","353,545,000","461,738,000","449,261,000","293,858,000","127,606,000","4,359,000","17,873,000","63,517,000","144,254,000","82,300,000","42,800,000","101,200,000","84,200,000","72,500,000","9,800,000","25,000,000","24,600,000","10,800,000","21,200,000","47,600,000","22,700,000","20,200,000","22,000,000","7,000,000","18,500,000"
32,"		NetIncomeIncludingNoncontrollingInterests","-494,497,000","-33,656,000","482,672,000","-128,212,000","-56,828,000","422,225,000","708,719,000","736,639,000","581,045,000","434,186,000","156,312,000","353,545,000","461,738,000","449,261,000","293,858,000","127,606,000","4,359,000","17,873,000","63,517,000","144,254,000","82,300,000","42,800,000","101,200,000","84,200,000","72,500,000","9,800,000","25,000,000","24,600,000","10,800,000","21,200,000","47,600,000","22,700,000","20,200,000","22,000,000","7,000,000","18,500,000"
33,"			NetIncomeContinuousOperations","-496,392,000","-32,510,000","493,010,000","-127,863,000","-52,990,000","422,272,000","708,766,000","721,453,000","573,609,000","434,668,000","286,081,000","353,545,000","461,738,000","449,261,000","293,858,000","127,606,000","4,359,000","17,873,000","53,706,000","144,254,000","82,300,000","42,800,000","101,200,000","84,200,000","45,400,000","9,800,000","21,000,000","24,600,000","10,800,000","21,200,000","47,600,000","22,700,000","20,200,000","22,000,000","7,000,000","18,500,000"
34,"			NetIncomeDiscontinuousOperations","1,895,000","-1,146,000","-10,338,000","-349,000","-3,838,000","-47,000","-47,000","15,186,000","7,436,000","-482,000","-129,769,000",,,,,,,,"9,811,000",,,,,,"27,100,000",,,,,,,,,,,
35,"			NetIncomeExtraordinary",,,,,,,,,,,,,,,,,,,,,,,,,,,"4,000,000",,,,,,,,,
36,"	OtherunderPreferredStockDividend","2,647,000","3,102,000","4,346,000","1,811,000","1,858,000","2,174,000","4,145,000","3,842,000",,,,,,,,,,,,,,,,,,,,,,,,,,,,
37,AverageDilutionEarnings,0,0,"7,000",0,0,"6,000","30,000","46,000",,,,,,,,,,,,,,,,,,,,,,,,,,,,
38,DilutedNIAvailtoComStockholders,"-497,144,000","-36,758,000","478,333,000","-130,023,000","-58,686,000","420,057,000","704,604,000","732,843,000","581,045,000","434,186,000","156,312,000","353,545,000","461,738,000","449,261,000","293,858,000","127,606,000","4,359,000","17,873,000","63,517,000","144,254,000","82,300,000","42,800,000","101,200,000","84,200,000","72,500,000","9,800,000","25,000,000","24,600,000","10,800,000","21,200,000","47,600,000","22,700,000","20,200,000","22,000,000","7,000,000","18,500,000"
39,BasicEPS,-4.6,-0.34,4.39,-1.2,-0.54,3.9,6.54,6.89,5.42,4.06,1.47,3.36,4.43,4.35,2.81,1.25,0.045,0.18,0.635,1.44,0.83,0.435,1.015,0.423,0.735,0.1,0.074,0.064,0.028,0.055,0.123,0.059,0.053,0.058,0.018,0.046
40,DilutedEPS,-4.6,-0.34,4.37,-1.2,-0.54,3.87,6.46,6.79,5.34,3.99,0.77,3.32,4.34,4.27,2.77,1.225,0.045,0.175,0.63,1.42,0.82,0.43,1,0.423,0.735,0.1,0.074,0.063,0.028,0.055,0.123,0.059,0.053,0.058,0.018,0.046
41,BasicAverageShares,"108,009,000","109,216,000","108,851,000","108,500,000","107,996,000","107,754,000","107,800,000","106,286,000","106,819,000","106,643,000","105,814,000","105,364,000","104,284,000","103,338,000","104,658,000","102,174,000","100,624,000","100,078,000","99,650,000","100,192,000","99,068,000","98,486,000","99,896,000","199,116,000","98,760,000","98,144,000","98,840,000","98,548,000","98,304,000","107,056,000","97,940,000","96,688,000","107,056,000","107,056,000","106,944,000","100,584,000"
42,DilutedAverageShares,"108,009,000","109,216,000","109,387,000","108,500,000","107,996,000","108,570,000","109,141,000","107,879,000","108,377,000","108,632,000","107,452,000","106,650,000","106,424,000","105,128,000","106,091,000","104,066,000","101,666,000","101,192,000","100,690,000","101,544,000","100,070,000","99,634,000","101,130,000","199,116,000","394,656,000","98,144,000","98,840,000","98,548,000","98,304,000","107,056,000","97,940,000","96,688,000","107,056,000","107,056,000","106,944,000","100,584,000"
43,TotalOperatingIncomeAsReported,"-620,187,000","20,582,000","31,602,000","-172,541,000","-25,966,000","675,750,000","1,054,787,000","956,661,000",,,,,,,,,,,,,,,,,,,,,,,,,,,,
44,TotalExpenses,"1,861,608,000","2,593,272,000","2,455,198,000","1,997,909,000","1,653,844,000","2,462,165,000","2,684,505,000","2,449,876,000","2,261,426,000","1,841,383,000","1,423,366,000","1,310,506,000","1,332,598,000","997,339,000","807,527,000","621,520,000","548,717,000","469,053,000","418,728,000","591,784,000","491,256,000","492,900,000","483,600,000","386,200,000","323,000,000","311,600,000","298,300,000","271,800,000","215,000,000","178,500,000","170,900,000","132,900,000","123,100,000","115,100,000","149,400,000","160,900,000"
45,NetIncomeFromContinuingAndDiscontinuedOperation,"-494,497,000","-33,656,000","482,672,000","-128,212,000","-56,828,000","422,225,000","708,719,000","736,639,000","581,045,000","434,186,000","156,312,000","353,545,000","461,738,000","449,261,000","293,858,000","127,606,000","4,359,000","17,873,000","63,517,000","144,254,000","82,300,000","42,800,000","101,200,000","84,200,000","72,500,000","9,800,000","21,000,000","24,600,000","10,800,000","21,200,000","47,600,000","22,700,000","20,200,000","22,000,000","7,000,000","18,500,000"
46,NormalizedIncome,"-85,906,860","119,333,740","493,350,910","-142,157,511","-36,701,953","439,723,484","666,892,926","604,317,532","561,143,720","434,693,305.71","284,914,444.20","353,060,200","440,557,717.01","371,434,440.55","275,662,975.20","103,435,600","18,707,400","13,101,200","36,639,600","137,853,125.49","63,116,200","40,550,656.93","97,610,892.97","82,706,861.99","40,617,696.63","9,071,621.62","20,394,230.77","24,600,000","13,560,000","7,277,611.94","45,485,959.89","22,630,153.85","20,200,000","22,000,000","7,000,000","764,462.81"
47,InterestIncome,"7,304,000","9,468,000","8,017,000","5,915,000","3,166,000","5,834,000","1,583,000","1,653,000","1,380,000","1,951,000","1,811,000","4,965,000",,,,,,,,,,,,,,,,,,,,,,,,
48,InterestExpense,"24,474,000","25,188,000","24,265,000","19,747,000","22,913,000","15,036,000","4,654,000","6,129,000","8,653,000","17,355,000","17,158,000","13,490,000",,,,,,,,,,,,,,,,,,,,,,,,
49,NetInterestIncome,"-17,170,000","-15,720,000","-16,248,000","-13,832,000","-19,747,000","-9,202,000","-3,071,000","-4,476,000","-7,273,000","-15,404,000","-15,347,000","-8,525,000",,,,,,,,,,,,,,,,,,,,,,,,
50,EBIT,"-612,024,000","-26,034,000","40,106,000","-164,851,000","-49,754,000","680,683,000","1,100,968,000","1,120,426,000","911,233,000","704,422,000","455,394,000","589,305,000","703,945,000","632,319,000","417,286,000","179,206,000","72,211,000","46,231,000","92,200,000","235,070,000","139,839,000","71,400,000","153,000,000","131,700,000","64,500,000","14,200,000","30,700,000","43,300,000","24,700,000","11,900,000","67,600,000","38,300,000","32,800,000","38,800,000","11,000,000","7,900,000"
51,EBITDA,,,,,,,,,,,,,,,,,,,,,,,,,,,,,,,,,,,,
52,ReconciledCostOfRevenue,"1,672,450,000","2,371,389,000","2,236,412,000","1,834,860,000","1,497,392,000","2,311,155,000","2,533,461,000","2,308,391,000","1,750,510,000","1,432,602,000","1,071,959,000","1,011,558,000","1,086,666,000","862,254,000","661,563,000","484,205,000","416,621,000","345,357,000","335,768,000","445,942,000","338,090,000","342,500,000","356,300,000","283,100,000","235,900,000","210,300,000","223,800,000","201,700,000","149,000,000","111,800,000","109,100,000","77,300,000","70,500,000","61,500,000","65,100,000","103,600,000"
53,ReconciledDepreciation,"481,885,000","562,803,000","583,802,000","585,543,000","598,587,000","606,992,000","523,549,000","455,623,000","387,549,000","315,468,000","262,658,000","236,437,000","210,766,000","146,042,000","101,583,000","96,300,000","94,435,000","82,693,000","62,569,000","88,787,000","112,386,000","110,700,000","89,800,000","72,500,000","61,100,000","77,100,000","50,100,000","48,600,000","47,700,000","40,300,000","41,600,000","41,700,000","37,600,000","34,200,000","38,500,000","40,400,000"
54,NetIncomeFromContinuingOperationNetMinorityInterest,"-496,392,000","-32,510,000","493,010,000","-127,863,000","-52,990,000","422,272,000","708,766,000","721,453,000","573,609,000","434,668,000","286,081,000","353,545,000","461,738,000","449,261,000","293,858,000","127,606,000","4,359,000","17,873,000","53,706,000","144,254,000","82,300,000","42,800,000","101,200,000","84,200,000","45,400,000","9,800,000","21,000,000","24,600,000","10,800,000","21,200,000","47,600,000","22,700,000","20,200,000","22,000,000","7,000,000","18,500,000"
55,TotalUnusualItemsExcludingGoodwill,"-526,263,000","-239,124,000","-467,000","20,627,000","-22,343,000","-27,526,000","64,819,000","181,044,000","19,477,000","-40,000","1,787,000","808,000","33,361,000","122,284,000","27,997,000","40,284,000","-23,914,000","7,953,000","28,444,000","10,592,000","31,973,000","3,600,000","5,600,000","2,300,000","7,500,000","1,100,000","900,000",,"-4,600,000","22,000,000","3,100,000","100,000",,,,"23,200,000"
56,TotalUnusualItems,"-526,263,000","-239,124,000","-467,000","20,627,000","-22,343,000","-27,526,000","64,819,000","181,044,000","19,477,000","-40,000","1,787,000","808,000","33,361,000","122,284,000","27,997,000","40,284,000","-23,914,000","7,953,000","28,444,000","10,592,000","31,973,000","3,600,000","5,600,000","2,300,000","7,500,000","1,100,000","900,000",,"-4,600,000","22,000,000","3,100,000","100,000",,,,"23,200,000"
57,NormalizedEBITDA,"396,124,000","775,893,000","624,375,000","400,065,000","571,176,000","1,315,201,000","1,559,698,000","1,395,005,000","1,279,305,000","1,019,930,000","716,265,000","824,934,000","881,350,000","656,077,000","490,872,000","235,222,000","190,560,000","120,971,000","126,325,000","313,265,000","220,252,000","178,500,000","237,200,000","201,900,000","118,100,000","90,200,000","79,900,000","91,900,000","77,000,000","30,200,000","106,100,000","79,900,000","70,400,000","73,000,000","49,500,000","25,100,000"
58,TaxRateForCalcs,0.22,0.365,0.27,0.307,0.271,0.366,0.354,0.353,0.36,0.367,0.347,0.4,0.365,0.364,0.35,0.4,0.4,0.4,0.4,0.396,0.4,0.375,0.359,0.351,0.362,0.338,0.327,0.4,0.4,0.367,0.318,0.302,0.238,0.315,0.4,0.236
59,TaxEffectOfUnusualItems,"-115,777,860","-87,280,260","-126,090","6,332,489","-6,054,953","-10,074,516","22,945,926","63,908,532","7,011,720","-14,694.29","620,444.20","323,200","12,180,717.01","44,457,440.55","9,801,975.20","16,113,600","-9,565,600","3,181,200","11,377,600","4,191,125.49","12,789,200","1,350,656.93","2,010,892.97","806,861.99","2,717,696.63","371,621.62","294,230.77",0,"-1,840,000","8,077,611.94","985,959.89","30,153.85",0,0,0,"5,464,462.81"
,,,,,,,,,,,,,,,,,,,,,,,,,,,,,,,,,,,,,
1,ROA1,-0.102388365,-0.005763492,0.077664092,-0.019908733,-0.008317893,0.059035835,0.105434938,0.117583295,0.101562029,0.086769676,0.036646762,0.084965864,0.128687907,0.155703135,0.137656977,0.076716265,0.003098425,0.012623646,0.051752894,0.105718769,0.065343805,0.038568983,0.092809978,0.081462848,0.088210245,0.01379893,0.040012804,0.040268456,0.018445773,0.036856745,0.081660662,0.038396482,0.035039029,0.038508664,0.012428977,0.030032468
2,ROA2,-0.092696728,-0.005584027,0.076282502,-0.019320665,-0.008127556,0.060866205,0.109145457,0.122917472,0.108353622,0.093682981,0.037100568,0.091248381,0.142656719,0.178985558,0.154741023,0.083125692,0.003088555,0.013524025,0.049013435,0.109949737,0.069475163,0.038907322,0.095291902,0.090757208,0.094641342,0.014681648,0.040462896,0.04112337,0.01860946,0.036611692,0.081083383,0.038879849,0.03519777,0.038783605,0.011872456,#REF!
3,ROE,-0.149011576,-0.008388367,0.110130318,-0.030786216,-0.012459753,0.086213198,0.14490336,0.165770535,0.151511161,0.132776685,0.055677275,0.131771828,0.203815184,0.247456371,0.212649035,0.118237127,0.004768573,0.019485397,0.070955238,0.140533105,0.086114619,0.050465747,0.127600555,0.107865744,0.112229102,0.01742532,0.047682624,0.048339556,0.021893371,0.043168397,0.099270073,0.051195309,0.046889508,0.052281369,0.017148457,0.043234401
4,ROC,-0.12862483,-0.007493133,0.098975066,-0.027528114,-0.011246896,0.077772307,0.14257137,0.158801973,0.142762969,0.119939327,0.049349243,0.110206985,0.166860665,0.198742676,0.185327693,0.099751571,0.00391254,0.01557898,0.063825276,0.13400565,0.081833305,0.047392315,0.113976799,0.107179226,0.111367127,0.016777949,0.047682624,0.047472019,0.021483986,0.042510527,0.094108343,0.044137663,0.040055523,0.044141252,0.014242116,0.035700502
5,OperatingMargin,-0.049427626,0.07333169,0.012893665,-0.107033641,-0.018231386,0.222173151,0.278302028,0.27681371,0.282497441,0.276155767,0.24093705,0.308088856,0.345656831,0.388007177,0.340693641,0.223804398,0.116295287,0.089719456,0.180455955,0.284294446,0.221581537,0.126528442,0.240339303,0.254296196,0.166451613,0.043585021,0.09331307,0.137416693,0.103045474,0.0625,0.283438155,0.223714953,0.210391276,0.252111761,0.068578554,0.046800948
6,NetMargin,-0.278758371,-0.012026486,0.194057094,-0.071041773,-0.034987613,0.133385838,0.190530867,0.217450689,0.184353268,0.170677709,0.083359198,0.186662042,0.226726369,0.275678087,0.239920706,0.159362878,0.007020138,0.034685727,0.124316929,0.174461271,0.130408259,0.075846181,0.158969526,0.162579649,0.187096774,0.030079804,0.075987842,0.078070454,0.04505632,0.111344538,0.199580713,0.132593458,0.129570237,0.142949968,0.043640898,0.109597156
7,CurrentRatio,4.396023474,2.718144102,2.957700547,3.586878058,4.763982794,4.097073696,2.516848398,2.781972393,2.348668814,2.294807897,2.806093587,1.732102045,2.235414637,2.201842797,1.620465851,5.585509773,4.10473599,2.229016678,2.452036379,2.733948738,3.360762542,2.233657858,1.468525896,1.659663866,1.827476038,1.652298851,2.631691649,3.243534483,3.707520891,4.182352941,3.723562152,3.12244898,6.105660377,6.676470588,5.608510638,4.587878788
8,QuickRatio,3.920610945,2.353348544,2.538433801,3.188475108,4.387377317,3.730562484,2.30751725,2.585484873,2.141993997,2.164250628,2.619529054,1.583966533,2.128286461,2.073230897,1.521561305,5.34732513,3.757073936,1.974745537,2.143239276,2.495260722,3.036301873,1.883171071,1.266135458,1.453781513,1.557507987,1.346264368,2.182012848,2.864224138,3.217270195,3.691176471,3.536178108,2.959183673,5.81509434,6.31512605,5.323404255,4.327272727
9,D/Eratio,0.158497749,0.119473918,0.112707704,0.11835544,0.107839309,0.108533376,0.01635665,0.043882084,0.061277737,0.107032101,0.128229559,0.195675825,0.221469326,0.245109379,0.147421796,0.185315936,0.218792049,0.25074925,0.111710625,0.048710297,0.052317509,0.064850843,0.119530954,0.006405329,0.007739938,0.038584637,0,0.01827471,0.019055342,0.015475463,0.054848801,0.159900767,0.170612813,0.184410646,0.204066634,0.211030615
10,EPS,-4.409185095,-0.300284808,4.309226652,-1.14519095,-0.510124121,3.804255659,6.413247186,6.774403531,5.400102226,4.048600701,1.460069683,3.302371771,4.312974407,4.341317558,2.829117375,1.228526113,0.043205098,0.178229659,0.635034484,1.446799464,0.823321556,0.431225567,1.024644108,0.841528744,0.728321144,0.098929941,0.252934035,0.249624548,0.109863281,0.198027201,0.486011844,0.234775774,0.188686295,0.205499925,0.065454817,0.183925873