,name,12/31/2020,12/31/2019,12/31/2018,12/31/2017,12/31/2016,12/31/2015,12/31/2014,12/31/2013,12/31/2012,12/31/2011,12/31/2010,12/31/2009,12/31/2008,12/31/2007,12/31/2006,12/31/2005,12/31/2004,12/31/2003,12/31/2002,12/31/2001,12/31/2000,12/31/1999,12/31/1998,09/30/1997,09/30/1996,09/30/1995,09/30/1994,09/30/1993,09/30/1992,09/30/1991,09/30/1990,09/30/1989,09/30/1988,09/30/1987,09/30/1986,09/30/1985,ttm
0,TotalAssets,"5,503,428,000","6,760,658,000","7,853,944,000","8,401,984,000","8,187,015,000","9,537,840,000","11,879,942,000","12,159,811,000","12,656,022,000","12,912,140,000","11,646,569,000","10,644,690,000","10,467,982,000","10,103,382,000","9,142,303,000","7,230,407,000","5,862,609,000","5,602,692,000","5,063,872,000","4,151,915,000","3,136,868,000","2,398,000,000","1,450,200,000","1,234,200,000","871,300,000","583,500,000","419,000,000","426,800,000","309,400,000","262,500,000","209,100,000","68,000,000","55,600,000","50,000,000","120,100,000","179,900,000",
1,	CurrentAssets,"1,131,465,000","1,248,666,000","1,593,563,000","1,447,336,000","1,155,839,000","1,475,897,000","2,741,874,000","2,753,830,000","3,132,857,000","3,088,314,000","2,612,930,000","2,176,664,000","2,166,593,000","2,205,112,000","2,504,856,000","2,617,308,000","1,580,974,000","1,515,647,000","1,369,908,000","1,030,946,000","1,018,318,000","461,300,000","265,500,000","305,800,000","328,500,000","183,400,000","160,100,000","188,200,000","101,600,000","83,100,000","83,000,000","24,800,000","26,900,000","16,100,000","20,000,000","73,000,000",
2,		CashCashEquivalentsAndShortTermInvestments,"481,746,000","452,496,000","481,802,000","365,366,000","295,202,000","274,589,000","536,169,000","507,133,000","778,204,000","539,489,000","801,190,000","1,090,851,000","584,245,000","767,051,000","1,140,016,000","1,423,525,000","813,051,000","919,673,000","871,651,000","541,612,000","550,953,000","111,700,000","16,700,000","3,900,000","95,900,000","12,000,000","22,400,000","63,100,000","14,800,000","15,000,000","20,800,000","6,700,000","13,300,000","6,300,000","5,200,000","50,100,000",
3,			CashAndCashEquivalents,"472,246,000","435,990,000","447,766,000","336,997,000","264,093,000","254,530,000","501,149,000","389,915,000","524,922,000","398,575,000","641,702,000","927,815,000","442,087,000","531,306,000","700,549,000","565,001,000","384,709,000","579,737,000","414,051,000","198,443,000","197,312,000","80,600,000","16,700,000","3,900,000","95,900,000","12,000,000","22,400,000","63,100,000","14,800,000","15,000,000","20,800,000","6,700,000","13,300,000","6,300,000","5,200,000","50,100,000",
4,			OtherShortTermInvestments,"9,500,000","16,506,000","34,036,000","28,369,000","31,109,000","20,059,000","35,020,000","117,218,000","253,282,000","140,914,000","159,488,000","163,036,000","142,158,000","235,745,000","439,467,000","858,524,000","428,342,000","339,936,000","457,600,000","343,169,000","353,641,000","31,100,000",,,,,,,,,,,,,,,
5,		Receivables,"362,977,000","453,042,000","756,320,000","698,477,000","508,355,000","784,671,000","1,517,503,000","1,399,543,000","1,382,623,000","1,576,555,000","1,116,510,000","724,040,000","1,160,768,000","1,039,238,000","1,109,738,000","822,104,000","540,103,000","410,487,000","277,735,000","361,086,000","350,302,000","205,600,000","174,300,000","245,000,000","172,700,000","132,500,000","109,700,000","88,800,000","53,600,000","46,800,000","52,100,000","12,400,000","10,100,000","6,800,000","7,000,000","16,500,000",
6,			AccountsReceivable,"362,977,000","453,042,000","756,320,000","698,477,000","508,355,000","784,671,000","1,517,503,000","1,399,543,000","1,382,623,000","1,576,555,000","1,116,510,000","724,040,000","1,160,768,000","1,039,238,000","1,109,738,000","822,104,000","540,103,000","410,487,000","277,735,000","361,086,000",,,,,,,,,,,,,,,,,
7,		Inventory,"160,585,000","176,341,000","165,587,000","166,307,000","103,595,000","153,824,000","230,067,000","209,793,000","251,133,000","272,852,000","158,836,000","100,819,000","150,118,000","133,786,000","100,487,000","51,292,000","28,653,000","23,289,000","20,524,000","18,515,000","18,029,000","25,800,000","25,700,000","21,400,000","18,500,000","14,100,000","14,800,000","20,000,000","20,900,000","11,800,000","5,900,000","1,600,000",,,,,
8,			RawMaterials,"133,424,000","130,414,000","116,840,000","124,635,000","84,431,000","105,217,000","133,797,000","128,606,000","148,822,000","133,480,000",,,,,,,,,,,,,,,,,,,,,,,,,,,
9,			WorkInProcess,"3,452,000","5,498,000","20,329,000","19,113,000","1,204,000","29,710,000","39,617,000","26,762,000","45,733,000","50,951,000",,,,,,,,,,,,,,,,,,,,,,,,,,,
10,			FinishedGoods,"23,709,000","40,429,000","28,418,000","22,559,000","17,960,000","18,897,000","56,653,000","54,425,000","56,578,000","88,421,000",,,,,,,,,,,,,,,,,,,,,,,,,,,
11,		PrepaidAssets,,,,,,,,,,,,,,,,,,,"167,152,000","81,588,000",,,,,,,,,,,,,,,,,
12,		CurrentDeferredAssets,,,,,,,"118,230,000","121,316,000","110,480,000","127,874,000","31,510,000","125,163,000","28,083,000","12,757,000","38,081,000","199,196,000","39,599,000","36,442,000","32,846,000","28,145,000",,,,,,,,,,,,,,,,,
13,			CurrentDeferredTaxesAssets,,,,,,,"118,230,000","121,316,000","110,480,000","127,874,000","31,510,000","125,163,000","28,083,000","12,757,000","38,081,000","199,196,000","39,599,000","36,442,000","32,846,000","28,145,000",,,,,,,,,,,,,,,,,
14,		AssetsHeldForSaleCurrent,"16,562,000","2,530,000","12,250,000","37,052,000","76,668,000","75,678,000","146,467,000","243,264,000","383,857,000","401,500,000",,,,,,,,,,,,,,,,,,,,,,,,,,,
15,		OtherCurrentAssets,"109,595,000","164,257,000","177,604,000","180,134,000","172,019,000","187,135,000","193,438,000","272,781,000","226,560,000","170,044,000","504,884,000","135,791,000","243,379,000","252,280,000","116,534,000","121,191,000","159,568,000","125,756,000",,,"99,034,000","118,200,000","48,800,000","35,500,000","41,400,000","24,800,000","13,200,000","16,300,000","12,300,000","9,500,000","4,200,000","4,100,000","3,500,000","3,000,000","7,800,000","6,400,000",
16,	TotalNonCurrentAssets,"4,371,963,000","5,511,992,000","6,260,381,000","6,954,648,000","7,031,176,000","8,061,943,000","9,138,068,000","9,405,981,000","9,523,165,000","9,823,826,000","9,033,639,000","8,468,026,000","8,301,389,000","7,898,270,000","6,637,447,000","4,613,099,000","4,281,635,000","4,087,045,000","3,693,964,000","3,120,969,000","2,118,550,000","1,936,700,000","1,184,700,000","928,400,000","542,800,000","400,100,000","258,900,000","238,600,000","207,800,000","179,400,000","126,100,000","43,200,000","28,700,000","33,900,000","100,100,000","106,900,000",
17,		NetPPE,"3,985,707,000","4,930,549,000","5,467,870,000","6,109,565,000","6,267,583,000","7,027,802,000","8,599,125,000","8,597,813,000","8,712,088,000","8,629,946,000","7,815,419,000","7,646,050,000","7,282,042,000","6,689,126,000","5,410,101,000","3,886,924,000","3,275,495,000","2,990,792,000","2,781,050,000","2,433,247,000","1,821,392,000","1,669,500,000","1,127,200,000","861,400,000","511,200,000","383,700,000","230,400,000","230,800,000","199,200,000","168,400,000","99,300,000","37,600,000","23,900,000","33,400,000","99,800,000","106,600,000",
18,			GrossPPE,"13,112,640,000","13,615,622,000","13,695,384,000","13,929,857,000","13,556,735,000","13,336,457,000","15,427,115,000","15,244,631,000","14,436,262,000","13,598,711,000","12,490,965,000","11,435,674,000","10,311,740,000","9,198,801,000","7,433,590,000","5,582,194,000","4,675,332,000","4,097,010,000","3,636,955,000","3,136,722,000","2,417,486,000","2,152,400,000","1,528,800,000","1,177,000,000","762,100,000","596,100,000","403,100,000","371,400,000","325,600,000","283,000,000","206,400,000","154,900,000","155,700,000","222,700,000","222,100,000","219,600,000",
19,				Properties,0,0,0,0,0,0,0,0,0,0,"11,310,920,000","9,529,340,000",0,0,0,0,0,0,0,0,,,,,,,,,,,,,,,,,
20,				LandAndImprovements,"28,261,000","33,931,000","43,187,000","52,000,000","46,319,000","19,757,000","63,311,000","63,733,000","49,965,000","22,120,000","12,087,000","9,251,000","22,958,000","528,281,000","373,488,000","22,413,000","15,821,000","12,037,000","15,203,000","14,756,000",,,,,,,,,,,,,,,,,
21,				BuildingsAndImprovements,"141,365,000","132,603,000","123,619,000","134,318,000","115,502,000","126,285,000","165,826,000","163,962,000","154,878,000","132,753,000","122,635,000","93,874,000","79,094,000","84,000,000","74,048,000","40,271,000","31,394,000","26,703,000","30,177,000","25,541,000",,,,,,,,,,,,,,,,,
22,				MachineryFurnitureEquipment,,"192,081,000",0,"4,377,000","181,069,000","10,271,000","14,123,000","14,062,000","14,054,000","12,627,851,000","695,868,000","735,907,000","9,764,810,000","8,109,177,000","6,360,335,000","4,991,585,000","4,326,440,000","3,813,933,000","31,319,000","3,096,425,000",,,,,,,,,,,,,,,,,
23,				OtherProperties,"12,943,014,000","13,423,697,000","13,498,183,000","13,454,814,000","13,106,241,000","12,722,722,000","14,402,481,000","14,309,399,000","13,853,828,000",,,"752,809,000",,,,"195,146,000","301,677,000","244,337,000","3,560,256,000",,,,,,,,,,,,,,,,,,
24,				ConstructionInProgress,0,"25,391,000","30,395,000","284,348,000","288,673,000","457,422,000","781,374,000","693,475,000","363,537,000","815,987,000","349,455,000","314,493,000","444,878,000","477,343,000","625,719,000","332,779,000",,,,,,,,,,,,,,,,,,,,,
25,			AccumulatedDepreciation,"-9,126,933,000","-8,685,073,000","-8,227,514,000","-7,820,292,000","-7,289,152,000","-6,308,655,000","-6,827,990,000","-6,646,818,000","-5,724,174,000","-4,968,765,000","-4,675,546,000","-3,789,624,000","-3,029,698,000","-2,509,675,000","-2,023,489,000","-1,695,270,000","-1,399,837,000","-1,106,218,000","-855,905,000","-703,475,000","-596,094,000","-482,900,000","-401,600,000","-315,600,000","-250,900,000","-212,400,000","-172,700,000","-140,600,000","-126,400,000","-114,600,000","-107,100,000","-117,300,000","-131,800,000","-189,300,000","-122,300,000","-113,000,000",
26,		GoodwillAndOtherIntangibleAssets,0,"28,380,000","183,914,000","173,226,000","166,917,000","166,659,000","173,928,000","512,964,000","472,326,000","501,258,000","494,372,000","164,265,000","175,749,000","368,432,000","362,269,000","341,939,000","327,225,000","336,027,000","306,762,000","199,048,000","192,181,000","169,100,000",,,,,,,,,,,,,,,
27,			Goodwill,0,"28,380,000","183,914,000","173,226,000","166,917,000","166,659,000","173,928,000","512,964,000","472,326,000","501,258,000","494,372,000","164,265,000","175,749,000","368,432,000","362,269,000",,,,,,,,,,,,,,,,,,,,,,
28,			OtherIntangibleAssets,,,,,,,,,,,,,,,,"341,939,000","327,225,000","336,027,000","306,762,000","199,048,000","192,181,000","169,100,000",,,,,,,,,,,,,,,
29,		InvestmentsAndAdvances,,,,,"893,000","415,177,000","61,057,000","67,496,000","65,959,000","382,145,000","308,023,000","407,490,000",,,,,,,,,,,,,,,,,,,,,,,,,
30,			LongTermEquityInvestment,,,,,"893,000","415,177,000","58,251,000","64,260,000","61,690,000","371,021,000",,,,,,,,,,,,,,,,,,,,,,,,,,,
31,				InvestmentsinAssociatesatCost,,,,,"893,000","415,177,000","58,251,000","64,260,000","61,690,000",,,,,,,,,,,,,,,,,,,,,,,,,,,,
32,				InvestmentsInOtherVenturesUnderEquityMethod,,,,,,,,,,"371,021,000",,,,,,,,,,,,,,,,,,,,,,,,,,,
33,				InvestmentsinJointVenturesatCost,,,,,,,,,,"371,021,000",,,,,,,,,,,,,,,,,,,,,,,,,,,
34,			InvestmentinFinancialAssets,,,,,,,"2,806,000","3,236,000","4,269,000",,,,,,,,,,,,,,,,,,,,,,,,,,,,
35,			OtherInvestments,,,,,,,,,,"11,124,000",,,,,,,,,,,,,,,,,,,,,,,,,,,
36,		NonCurrentDeferredAssets,"247,171,000","305,844,000","345,091,000","419,003,000",,,,,,,,,,,,,,,,,,,,,,,,,,,,,,,,,
37,			NonCurrentDeferredTaxesAssets,"247,171,000","305,844,000","345,091,000","419,003,000",,,,,,,,,,,,,,,,,,,,,,,,,,,,,,,,,
38,		OtherNonCurrentAssets,"139,085,000","247,219,000","263,506,000","252,854,000","595,783,000","452,305,000","303,958,000","227,708,000","272,792,000","310,477,000","415,825,000","250,221,000","843,598,000","840,712,000","865,077,000","384,236,000","678,915,000","760,226,000","606,152,000","488,674,000","104,977,000","98,100,000","57,500,000","67,000,000","31,600,000","16,400,000","28,500,000","7,800,000","8,600,000","11,000,000","26,800,000","5,600,000","4,800,000","500,000","300,000","300,000",
39,TotalLiabilitiesNetMinorityInterest,"4,246,620,000","4,710,493,000","5,103,618,000","5,463,211,000","4,932,220,000","5,243,972,000","6,961,153,000","6,178,634,000","6,698,905,000","7,310,923,000","6,303,706,000","5,462,711,000","5,775,863,000","5,589,261,000","5,605,650,000","3,472,267,000","2,933,216,000","3,112,417,000","2,905,417,000","2,294,049,000","1,330,400,000","927,900,000","582,700,000","506,400,000","413,500,000","214,700,000","142,200,000","159,100,000","124,600,000","122,000,000","105,900,000","23,400,000","20,700,000","76,900,000","62,200,000","185,500,000",
40,	CurrentLiabilities,"515,469,000","656,548,000","832,077,000","919,476,000","821,934,000","1,006,499,000","1,567,475,000","1,311,424,000","1,132,382,000","1,802,562,000","2,154,380,000","608,622,000","1,128,859,000","1,494,132,000","854,360,000","1,352,456,000","1,199,316,000","598,373,000","751,454,000","330,130,000","279,179,000","265,500,000","244,400,000","235,000,000","156,400,000","150,600,000","76,100,000","80,300,000","65,700,000","67,800,000","51,900,000","16,400,000","17,600,000","11,200,000","11,900,000","21,300,000",
41,		PayablesAndAccruedExpenses,"341,465,000","412,065,000","546,205,000","531,064,000","400,623,000","469,562,000","1,000,814,000","797,796,000","696,649,000","1,003,725,000","775,362,000","608,459,000","792,301,000","697,039,000","754,137,000","541,383,000","382,834,000","289,585,000","242,569,000","299,843,000","139,162,000","80,300,000","58,500,000","86,100,000","65,000,000","53,900,000","26,700,000","37,300,000","16,300,000","17,500,000","8,500,000",,,,,,
42,			Payables,"263,334,000","349,091,000","472,133,000","435,494,000","311,847,000","357,216,000","891,726,000","680,927,000","591,228,000","861,156,000","381,070,000","262,122,000","424,908,000","348,524,000","459,179,000","336,589,000","211,600,000","128,840,000","109,163,000","131,821,000","139,162,000","80,300,000","58,500,000","86,100,000","65,000,000","53,900,000","26,700,000","37,300,000","16,300,000","17,500,000","8,500,000",,,,,,
43,				AccountsPayable,"220,922,000","295,159,000","392,843,000","363,416,000","264,578,000","271,984,000","780,060,000","545,512,000","499,010,000","782,753,000","355,282,000","226,423,000","424,908,000","348,524,000","459,179,000","336,589,000","211,600,000","128,840,000","109,163,000","131,821,000","139,162,000","80,300,000","58,500,000","86,100,000","65,000,000","53,900,000","26,700,000","37,300,000","16,300,000","17,500,000","8,500,000",,,,,,
44,				TotalTaxPayable,"38,759,000","46,100,000","53,960,000","54,930,000","30,230,000","85,232,000","111,666,000","135,415,000","92,218,000","72,362,000","25,788,000","35,699,000",,,,,,,,,,,,,,,,,,,,,,,,,
45,					IncomeTaxPayable,"10,157,000","14,628,000","20,761,000","22,835,000","13,811,000","41,394,000","53,221,000","58,634,000","33,628,000","27,710,000","25,788,000","35,699,000",,,,,,,,,,,,,,,,,,,,,,,,,
46,				DividendsPayable,"3,653,000","7,832,000","25,330,000","17,148,000","17,039,000",,,,,,,,,,,,,,,,,,,,,,,,,,,,,,,,
47,				DuetoRelatedPartiesCurrent,,,,,,,,,0,"6,041,000",,,,,,,,,,,,,,,,,,,,,,,,,,,
48,			CurrentAccruedExpenses,"78,131,000","62,974,000","74,072,000","95,570,000","88,776,000","112,346,000","109,088,000","116,869,000","105,421,000","142,569,000","394,292,000","346,337,000","367,393,000","348,515,000","294,958,000","204,794,000","171,234,000","160,745,000","133,406,000","168,022,000",,,,,,,,,,,,,,,,,
49,				InterestPayable,"62,935,000","51,316,000","59,718,000","65,642,000","57,233,000","62,776,000","63,532,000","64,728,000","90,878,000","99,869,000",,,,,,,,,,,,,,,,,,,,,,,,,,,
50,		CurrentProvisions,"13,976,000","14,736,000","24,926,000","18,830,000","24,896,000","27,097,000","23,681,000","30,784,000","26,782,000",,,,,,,,,,,,,,,,,,,,,,,,,,,,
51,		PensionandOtherPostRetirementBenefitPlansCurrent,"90,250,000","127,217,000","108,674,000","144,957,000","135,030,000","157,663,000","215,166,000","202,262,000","180,740,000","196,377,000",,,,,,,,,,,,,,,,,,,,,,,,,,,
52,		CurrentDebtAndCapitalLeaseObligation,"8,305,000","13,479,000","561,000","181,000","297,000","6,508,000","6,190,000","10,185,000","364,000","275,326,000","1,379,018,000","163,000","225,030,000","700,000,000",,"767,912,000","804,550,000","299,385,000","492,985,000","2,510,000","3,554,000","3,600,000","85,900,000","43,000,000","18,000,000","41,800,000","11,100,000","11,800,000","23,200,000","8,700,000","5,900,000","4,700,000","6,600,000","400,000","300,000","200,000",
53,			CurrentDebt,,,"561,000","181,000","297,000","6,508,000","6,190,000","10,185,000","364,000","275,326,000","1,379,018,000","163,000","225,030,000","700,000,000",,"767,912,000","804,550,000","299,385,000","492,985,000","2,510,000","3,554,000","3,600,000","85,900,000","43,000,000","18,000,000","41,800,000","11,100,000","11,800,000","23,200,000","8,700,000","5,900,000","4,700,000","6,600,000","400,000","300,000","200,000",
54,			CurrentCapitalLeaseObligation,"8,305,000","13,479,000",,,,,,,,,,,,,,,,,,,,,,,,,,,,,,,,,,,
55,		CurrentDeferredLiabilities,"61,473,000","89,051,000","149,266,000","218,370,000","255,626,000","340,472,000","302,022,000","205,993,000","158,886,000","172,847,000",,,,,,"19,542,000",,,,,,,,,,,,,,,,,,,,,
56,			CurrentDeferredTaxesLiabilities,,,,,,0,"3,677,000","3,075,000","10,721,000","269,000",,,,,,,,,,,,,,,,,,,,,,,,,,,
57,			CurrentDeferredRevenue,"61,473,000","89,051,000","149,266,000","218,370,000","255,626,000","340,472,000","298,345,000","202,918,000","148,165,000","172,578,000",,,,,,"19,542,000",,,,,,,,,,,,,,,,,,,,,
58,		OtherCurrentLiabilities,"515,469,000","656,548,000","2,445,000","6,074,000","5,462,000","5,197,000","19,602,000","64,404,000","68,961,000","154,287,000","775,362,000","608,459,000","111,528,000","97,093,000","100,223,000","23,619,000","11,932,000","9,403,000","15,900,000","27,777,000","136,463,000","181,600,000","100,000,000","105,900,000","73,400,000","54,900,000","38,300,000","31,200,000","26,200,000","41,600,000","37,500,000","11,700,000","11,000,000","10,800,000","11,600,000","21,100,000",
59,	TotalNonCurrentLiabilitiesNetMinorityInterest,"3,731,151,000","4,053,945,000","4,271,541,000","4,543,735,000","4,110,286,000","4,237,473,000","5,393,678,000","4,867,210,000","5,566,523,000","5,508,361,000","4,149,326,000","4,854,089,000","4,647,004,000","4,095,129,000","4,751,290,000","2,119,811,000","1,733,900,000","2,514,044,000","2,153,963,000","1,963,919,000","1,051,221,000","662,400,000","338,300,000","271,400,000","257,100,000","64,100,000","66,100,000","78,800,000","58,900,000","54,200,000","54,000,000","7,000,000","3,100,000","65,700,000","50,300,000","164,200,000",
60,		LongTermDebtAndCapitalLeaseObligation,"2,968,701,000","3,333,220,000","3,585,884,000","4,027,766,000","3,578,335,000","3,655,200,000","4,348,859,000","3,904,117,000","4,379,336,000","4,348,490,000","3,064,126,000","3,940,605,000","3,887,711,000","3,306,433,000","4,004,074,000","1,251,751,000","1,201,686,000","1,985,553,000","1,614,656,000","1,567,616,000","854,777,000","482,600,000","217,000,000","229,500,000","229,500,000","51,500,000","57,500,000","68,900,000","46,800,000","51,900,000","37,800,000","5,900,000","1,600,000","14,800,000","42,000,000","12,900,000",
61,			LongTermDebt,"2,968,701,000","3,333,220,000","3,585,884,000","4,027,766,000","3,578,335,000","3,655,200,000","4,348,859,000","3,904,117,000","4,379,336,000","4,348,490,000","3,064,126,000","3,940,605,000","3,887,711,000","3,306,433,000","4,004,074,000","1,251,751,000","1,201,686,000","1,985,553,000","1,614,656,000","1,567,616,000","854,777,000","482,600,000","217,000,000","229,500,000","229,500,000","51,500,000","57,500,000","68,900,000","46,800,000","51,900,000","37,800,000","5,900,000","1,600,000","14,800,000","42,000,000","12,900,000",
62,		NonCurrentDeferredLiabilities,"1,576,000","3,149,000","6,311,000","10,338,000","9,495,000","29,326,000","443,003,000","516,161,000","599,335,000","797,925,000","770,247,000","673,427,000","497,415,000","541,982,000","584,472,000","716,645,000","385,877,000","372,824,000","402,054,000","285,401,000","97,297,000","93,000,000","72,200,000","28,300,000","18,400,000","4,000,000","800,000",,"2,300,000","2,300,000","2,600,000","1,200,000","1,400,000","1,100,000","6,500,000","6,500,000",
63,			NonCurrentDeferredTaxesLiabilities,"1,576,000","3,149,000","6,311,000","10,338,000","9,495,000","29,326,000","443,003,000","516,161,000","599,335,000","797,925,000","770,247,000","673,427,000","497,415,000","541,982,000","584,472,000","716,645,000","385,877,000","372,824,000","402,054,000","285,401,000","97,297,000","93,000,000","72,200,000","28,300,000","18,400,000","4,000,000","800,000",,"2,300,000","2,300,000","2,600,000","1,200,000","1,400,000","1,100,000","6,500,000","6,500,000",
64,		PreferredSecuritiesOutsideStockEquity,"442,840,000","425,392,000","404,861,000","203,998,000",,,0,"69,188,000","69,188,000","69,188,000",,,,,,,,,,,,,,,,,,,,,,,,,,,
65,		OtherNonCurrentLiabilities,"318,034,000","292,184,000","274,485,000","301,633,000","522,456,000","552,947,000","601,816,000","377,744,000","518,664,000","361,946,000","314,953,000","240,057,000","261,878,000","246,714,000","162,744,000","151,415,000","146,337,000","155,667,000","137,253,000","110,902,000","99,147,000","86,800,000","49,100,000","13,600,000","9,200,000","8,600,000","7,800,000","9,900,000","9,800,000",,"13,600,000","-100,000","100,000","49,800,000","1,800,000","144,800,000",
66,TotalEquityGrossMinorityInterest,"1,256,808,000","2,050,165,000","2,750,326,000","2,938,773,000","3,254,795,000","4,293,868,000","4,918,789,000","5,981,177,000","5,957,117,000","5,601,217,000","5,342,863,000","5,181,979,000","4,692,119,000","4,514,121,000","3,536,653,000","3,758,140,000","2,929,393,000","2,490,275,000","2,158,455,000","1,857,866,000","1,806,468,000","1,470,100,000","867,500,000","727,800,000","457,800,000","368,800,000","276,800,000","267,700,000","184,800,000","140,500,000","103,200,000","44,600,000","34,900,000","-26,900,000","57,900,000","-5,600,000",
67,	StockholdersEquity,"1,151,384,000","1,982,811,000","2,700,850,000","2,911,816,000","3,247,025,000","4,282,710,000","4,908,619,000","5,969,086,000","5,944,929,000","5,587,815,000","5,328,162,000","5,167,656,000","4,692,119,000","4,514,121,000","3,536,653,000","3,758,140,000","2,929,393,000","2,490,275,000","2,158,455,000","1,857,866,000","1,806,468,000","1,470,100,000","867,500,000","727,800,000","457,800,000","368,800,000","276,800,000","267,700,000","184,800,000","140,500,000","103,200,000","44,600,000","34,900,000","-26,900,000","57,900,000","-5,600,000",
68,		CapitalStock,"424,000","422,000","416,000","368,000","334,000","331,000","328,000","324,000","319,000","317,000","315,000","314,000","312,000","305,000","299,000","158,000","150,000","147,000","145,000","14,771,000","14,715,000","13,700,000",,,,,,,,,,,,,,,
69,			PreferredStock,"5,000","6,000","6,000",,,,,,,,,,,,,,,,,,,,,,,,,,,,,,,,,,
70,			CommonStock,"419,000","416,000","410,000","368,000","334,000","331,000","328,000","324,000","319,000","317,000","315,000","314,000","312,000","305,000","299,000","158,000","150,000","147,000","145,000","14,771,000","14,715,000","13,700,000",,,,,,,,,,,,,,,
71,		AdditionalPaidInCapital,"3,423,935,000","3,412,972,000","3,392,937,000","2,791,129,000","2,521,332,000","2,493,100,000","2,452,261,000","2,392,585,000","2,337,244,000","2,287,743,000","2,255,787,000","2,239,323,000","1,705,907,000","1,710,036,000","1,637,204,000","1,591,125,000","1,358,374,000","1,270,362,000","1,233,598,000","1,091,536,000","1,145,847,000","958,700,000",,,,,,,,,,,,,,,
72,		RetainedEarnings,"-946,100,000","-104,775,000","650,842,000","1,423,154,000","2,033,427,000","3,131,134,000","3,573,172,000","4,213,212,000","4,120,398,000","3,956,364,000","3,707,881,000","3,613,186,000","3,910,253,000","3,359,080,000","2,473,373,000","1,989,526,000","1,422,640,000","1,120,183,000","927,955,000","1,001,079,000","643,629,000","506,300,000","478,600,000","312,300,000","200,200,000","138,100,000","86,800,000","93,900,000","59,600,000","35,500,000","15,800,000","5,400,000","1,900,000","-77,500,000","8,100,000","-48,100,000",
73,		TreasuryStock,"1,315,751,000","1,314,020,000","1,314,020,000","1,314,020,000","1,295,949,000","1,294,262,000","1,194,664,000","944,627,000","944,627,000","977,873,000","977,873,000","977,873,000","977,873,000","877,935,000","775,484,000",,,,,"252,780,000","4,817,000","4,800,000",,,,,,,,,,,,,,,
74,		GainsLossesNotAffectingRetainedEarnings,"-11,124,000","-11,788,000","-29,325,000","11,185,000","-12,119,000","-47,593,000","77,522,000","307,592,000","431,595,000","321,264,000","342,052,000","292,706,000","53,520,000","322,635,000","201,261,000","177,331,000","148,229,000","99,583,000","-3,243,000","3,260,000","7,094,000","-3,800,000",,,,,,,,,,,,,,,
75,			ForeignCurrencyTranslationAdjustments,,,,,,,,,,,,,,"324,647,000","171,160,000",,,,,"-9,150,000",,,,,,,,,,,,,,,,,
76,			OtherEquityAdjustments,,,,,,,,,,,,,,"-2,012,000","30,101,000",,,,,"12,410,000",,,,,,,,,,,,,,,,,
77,		OtherEquityInterest,,,,,,,,,,,,,,,,,,,,,,,"388,900,000","415,500,000","257,600,000","230,700,000","190,000,000","173,800,000","125,200,000","105,000,000","87,400,000","39,200,000","33,000,000","50,600,000","49,800,000","42,500,000",
78,	MinorityInterest,"105,424,000","67,354,000","49,476,000","26,957,000","7,770,000","11,158,000","10,170,000","12,091,000","12,188,000","13,402,000","14,701,000","14,323,000",,,,,,,,,,,,,,,,,,,,,,,,,
79,TotalCapitalization,"4,120,085,000","5,316,031,000","6,286,734,000","6,939,582,000","6,825,360,000","7,937,910,000","9,257,478,000","9,873,203,000","10,324,265,000","9,936,305,000","8,392,288,000","9,108,261,000","8,579,830,000","7,820,554,000","7,540,727,000","5,009,891,000","4,131,079,000","4,475,828,000","3,773,111,000","3,425,482,000","2,661,245,000","1,952,700,000","1,084,500,000","957,300,000","687,300,000","420,300,000","334,300,000","336,600,000","231,600,000","192,400,000","141,000,000","50,500,000","36,500,000","-12,100,000","99,900,000","7,300,000",
80,PreferredStockEquity,"5,000","6,000","6,000",,,,,,,,,,,,,,,,,,,,,,,,,,,,,,,,,,
81,CommonStockEquity,"1,151,379,000","1,982,805,000","2,700,844,000","2,911,816,000","3,247,025,000","4,282,710,000","4,908,619,000","5,969,086,000","5,944,929,000","5,587,815,000","5,328,162,000","5,167,656,000","4,692,119,000","4,514,121,000","3,536,653,000","3,758,140,000","2,929,393,000","2,490,275,000","2,158,455,000","1,857,866,000","1,806,468,000","1,470,100,000","867,500,000","727,800,000","457,800,000","368,800,000","276,800,000","267,700,000","184,800,000","140,500,000","103,200,000","44,600,000","34,900,000","-26,900,000","57,900,000","-5,600,000",
82,CapitalLeaseObligations,"8,305,000","13,479,000",,,,,,,,,,,,,,,,,,,,,,,,,,,,,,,,,,,
83,NetTangibleAssets,"1,151,384,000","1,954,431,000","2,516,936,000","2,738,590,000","3,080,108,000","4,116,051,000","4,734,691,000","5,456,122,000","5,472,603,000","5,086,557,000","4,833,790,000","5,003,391,000","4,516,370,000","4,145,689,000","3,174,384,000","3,416,201,000","2,602,168,000","2,154,248,000","1,851,693,000","1,658,818,000","1,614,287,000","1,301,000,000","867,500,000","727,800,000","457,800,000","368,800,000","276,800,000","267,700,000","184,800,000","140,500,000","103,200,000","44,600,000","34,900,000","-26,900,000","57,900,000","-5,600,000",
84,WorkingCapital,"615,996,000","592,118,000","761,486,000","527,860,000","333,905,000","469,398,000","1,174,399,000","1,442,406,000","2,000,475,000","1,285,752,000","458,550,000","1,568,042,000","1,037,734,000","710,980,000","1,650,496,000","1,264,852,000","381,658,000","917,274,000","618,454,000","700,816,000","739,139,000","195,800,000","21,100,000","70,800,000","172,100,000","32,800,000","84,000,000","107,900,000","35,900,000","15,300,000","31,100,000","8,400,000","9,300,000","4,900,000","8,100,000","51,700,000",
85,InvestedCapital,"4,120,080,000","5,316,025,000","6,287,289,000","6,939,763,000","6,825,657,000","7,944,418,000","9,263,668,000","9,883,388,000","10,324,629,000","10,211,631,000","9,771,306,000","9,108,424,000","8,804,860,000","8,520,554,000","7,540,727,000","5,777,803,000","4,935,629,000","4,775,213,000","4,266,096,000","3,427,992,000","2,664,799,000","1,956,300,000","1,170,400,000","1,000,300,000","705,300,000","462,100,000","345,400,000","348,400,000","254,800,000","201,100,000","146,900,000","55,200,000","43,100,000","-11,700,000","100,200,000","7,500,000",
86,TangibleBookValue,"1,151,379,000","1,954,425,000","2,516,930,000","2,738,590,000","3,080,108,000","4,116,051,000","4,734,691,000","5,456,122,000","5,472,603,000","5,086,557,000","4,833,790,000","5,003,391,000","4,516,370,000","4,145,689,000","3,174,384,000","3,416,201,000","2,602,168,000","2,154,248,000","1,851,693,000","1,658,818,000","1,614,287,000","1,301,000,000","867,500,000","727,800,000","457,800,000","368,800,000","276,800,000","267,700,000","184,800,000","140,500,000","103,200,000","44,600,000","34,900,000","-26,900,000","57,900,000","-5,600,000",
87,TotalDebt,"2,977,006,000","3,346,699,000","3,586,445,000","4,027,947,000","3,578,632,000","3,661,708,000","4,355,049,000","3,914,302,000","4,379,700,000","4,623,816,000","4,443,144,000","3,940,768,000","4,112,741,000","4,006,433,000","4,004,074,000","2,019,663,000","2,006,236,000","2,284,938,000","2,107,641,000","1,570,126,000","858,331,000","486,200,000","302,900,000","272,500,000","247,500,000","93,300,000","68,600,000","80,700,000","70,000,000","60,600,000","43,700,000","10,600,000","8,200,000","15,200,000","42,300,000","13,100,000",
88,NetDebt,"2,496,455,000","2,897,230,000","3,138,679,000","3,690,950,000","3,314,539,000","3,407,178,000","3,853,900,000","3,524,387,000","3,854,778,000","4,225,241,000","3,801,442,000","3,012,953,000","3,670,654,000","3,475,127,000","3,303,525,000","1,454,662,000","1,621,527,000","1,705,201,000","1,693,590,000","1,371,683,000","661,019,000","405,600,000","286,200,000","268,600,000","151,600,000","81,300,000","46,200,000","17,600,000","55,200,000","45,600,000","22,900,000","3,900,000",,"8,900,000","37,100,000",,
89,ShareIssued,"8,383,000","8,323,960","8,193,040","7,350,200","6,671,960","6,610,520","6,563,920","6,474,220","6,376,260","6,340,840","6,300,680","6,278,300","6,250,800","5,586,720","5,539,860","6,307,880","5,994,440","5,866,240","5,798,600","5,635,560","5,886,200","5,473,280","4,055,280","4,030,040","3,479,240","3,370,480","2,852,000","2,790,360","2,343,680","2,234,160","2,149,520","1,752,080","1,674,880","400,280","400,000","412,760",
90,OrdinarySharesNumber,"7,293,000","7,267,960","7,137,040","6,294,200","5,678,500","5,623,680","5,788,160","5,905,940","5,807,980","5,752,560","5,712,400","5,690,020","5,662,520","5,586,720","5,539,860","6,307,880","5,994,440","5,866,240","5,798,600","5,635,560","5,886,200","5,473,280","4,055,280","4,030,040","3,479,240","3,370,480","2,852,000","2,790,360","2,343,680","2,234,160","2,149,520","1,752,080","1,674,880","400,280","400,000","412,760",
91,PreferredSharesNumber,"4,870,000","5,613,000","5,750,000",,,,,,,,,,,,,,,,,,,,,,,,,,,,,,,,,,
92,TreasurySharesNumber,"1,090,000","1,056,000","1,056,000","1,056,000","993,460","986,840","775,760","568,280","568,280","588,280","588,280","588,280","588,280",,,,,,,,,,,,,,,,,,,,,,,,
0,TotalRevenue,"2,134,043,000","3,043,383,000","3,057,619,000","2,564,285,000","2,227,839,000","3,864,437,000","6,804,197,000","6,152,015,000","6,989,573,000","6,060,351,000","4,215,540,000","3,503,431,000","5,303,788,000","4,940,681,000","4,942,714,000","3,551,009,000","2,448,152,000","1,922,846,000","1,519,012,000","2,121,157,000","1,327,124,000","642,300,000","968,200,000","1,029,300,000","719,700,000","572,800,000","422,600,000","352,000,000","286,300,000","240,100,000","139,000,000","74,500,000","56,100,000","28,600,000","69,200,000","91,600,000","1,876,190,000"
1,	OperatingRevenue,"2,134,043,000","3,043,383,000","3,057,619,000","2,564,285,000","2,227,839,000","3,864,437,000","6,804,197,000","6,152,015,000","6,989,573,000","6,060,351,000","4,215,540,000","3,503,431,000","5,303,788,000","4,938,848,000","4,820,162,000","3,459,908,000","2,394,031,000","1,880,003,000","1,466,443,000","2,121,157,000","1,327,124,000","642,300,000","968,200,000","1,029,300,000","719,700,000","572,800,000","422,600,000","352,000,000","286,300,000","240,100,000","139,000,000","74,500,000","56,100,000","28,600,000","69,200,000","91,600,000","1,876,190,000"
2,CostOfRevenue,"2,186,771,000","2,805,422,000","2,843,844,000","2,561,012,000","2,215,929,000","3,341,895,000","5,650,164,000","5,068,505,000","5,538,837,000","3,775,964,000","2,423,602,000","2,012,352,000","3,110,316,000","2,764,559,000","2,569,800,000","1,997,267,000","1,572,649,000","1,276,953,000","973,910,000","1,296,941,000","888,322,000","418,700,000","623,800,000","737,800,000","539,700,000","434,100,000","325,100,000","261,200,000","195,100,000","170,400,000","99,700,000","56,600,000","46,000,000","26,700,000","51,200,000","70,200,000","1,965,798,000"
3,GrossProfit,"-52,728,000","237,961,000","213,775,000","3,273,000","11,910,000","522,542,000","1,154,033,000","1,083,510,000","1,450,736,000","2,284,387,000","1,791,938,000","1,491,079,000","2,193,472,000","2,176,122,000","2,372,914,000","1,553,742,000","875,503,000","645,893,000","545,102,000","824,216,000","438,802,000","223,600,000","344,400,000","291,500,000","180,000,000","138,700,000","97,500,000","90,800,000","91,200,000","69,700,000","39,300,000","17,900,000","10,100,000","1,900,000","18,000,000","21,400,000","-89,608,000"
4,OperatingExpense,"237,079,000","385,515,000","336,586,000","302,253,000","343,172,000","479,493,000","943,696,000","584,374,000","671,234,000","1,413,986,000","1,175,917,000","1,122,118,000","1,138,029,000","976,194,000","830,561,000","588,505,000","495,787,000","400,530,000","337,260,000","325,392,000","258,917,000","165,100,000","161,900,000","136,800,000","103,000,000","80,100,000","91,100,000","59,200,000","57,100,000","42,900,000","26,600,000","14,600,000","11,100,000","11,600,000","17,500,000","22,900,000","230,413,000"
5,	SellingGeneralAndAdministration,"203,515,000","258,731,000","265,822,000","251,184,000","240,518,000","324,328,000","549,734,000","570,330,000","532,568,000","489,892,000","346,661,000","429,663,000","479,984,000","436,282,000","420,854,000","249,973,000","195,388,000","165,403,000","141,895,000","135,496,000","106,504,000","65,300,000","77,000,000","70,400,000","56,900,000","49,100,000","71,200,000","40,500,000","42,700,000","34,400,000","22,100,000","11,300,000","7,900,000","5,900,000","7,600,000","10,300,000","200,791,000"
6,		GeneralAndAdministrativeExpense,"203,515,000","258,731,000","265,822,000","251,184,000","240,518,000","324,328,000","549,734,000","570,330,000","532,568,000",,,,,,,,,,,,,,,,,,,,,,,,,,,,"200,791,000"
7,			SalariesAndWages,,,,,,0,0,"45,000,000",,,,,,,,,,,,,,,,,,,,,,,,,,,,,
8,			OtherGandA,"203,515,000","258,731,000","265,822,000","251,184,000","240,518,000","324,328,000","549,734,000","525,330,000","532,568,000",,,,,,,,,,,,,,,,,,,,,,,,,,,,"200,791,000"
9,	ResearchAndDevelopment,"33,564,000","50,359,000","56,147,000","51,069,000","33,582,000","41,253,000",,,,,,,,,,,,,,,,,,,,,,,,,,,,,,,"29,622,000"
10,	DepreciationAmortizationDepletionIncomeStatement,,"876,091,000","866,870,000","842,943,000","871,631,000","970,459,000","1,145,100,000","1,086,677,000","1,055,517,000","924,094,000","782,196,000","679,493,000","658,045,000","539,912,000","409,707,000","338,532,000","300,399,000","235,127,000","195,365,000","189,896,000","152,413,000","99,800,000","84,900,000","66,400,000","46,100,000","31,000,000","19,900,000","18,700,000","14,400,000","8,500,000","4,500,000","3,300,000","3,200,000","5,700,000","9,900,000","12,600,000","885,564,000"
11,		DepreciationAndAmortizationInIncomeStatement,,"876,091,000","866,870,000","842,943,000","871,631,000","970,459,000","1,145,100,000","1,086,677,000","1,055,517,000","924,094,000","764,253,000","668,415,000","658,045,000","539,912,000","409,707,000","338,532,000","300,399,000","235,127,000","195,365,000","189,896,000","152,413,000","99,800,000","84,900,000","66,400,000","46,100,000","31,000,000","19,900,000","18,700,000","14,400,000","8,500,000","4,500,000","3,300,000","3,200,000","5,700,000","9,900,000","12,600,000","885,564,000"
12,		DepletionIncomeStatement,,,,,,,,,,,"17,943,000","11,078,000",,,,,,,,,,,,,,,,,,,,,,,,,
13,	OtherOperatingExpenses,,"76,425,000","14,617,000",,"69,072,000","113,912,000","393,962,000","14,044,000","138,666,000",,"47,060,000","12,962,000",,,,,,,,,,,,,,,,,,,,,,,,,
14,OperatingIncome,"-289,807,000","-147,554,000","-122,811,000","-298,980,000","-331,262,000","43,049,000","210,337,000","499,136,000","779,502,000","870,401,000","616,021,000","368,961,000","1,055,443,000","1,199,928,000","1,542,353,000","965,237,000","379,716,000","245,363,000","207,842,000","498,824,000","179,885,000","58,500,000","182,500,000","154,700,000","77,000,000","58,600,000","6,400,000","31,600,000","34,100,000","26,800,000","12,700,000","3,300,000","-1,000,000","-9,700,000","500,000","-1,500,000","-320,021,000"
15,NetNonOperatingInterestIncomeExpense,"-201,569,000","-195,887,000","-222,167,000","-222,889,000","-185,360,000","-181,928,000","-177,948,000","-223,418,000","-251,552,000","-256,633,000","-273,044,000","-264,948,000",,,,,,,,,,,,,,,,,,,,,,,,,"-190,902,000"
16,	InterestIncomeNonOperating,"4,705,000","8,424,000","4,957,000",,,,,,,,,,,,,,,,,,,,,,,,,,,,,,,,,,"3,625,000"
17,	InterestExpenseNonOperating,"206,274,000","204,311,000","227,124,000","222,889,000","185,360,000","181,928,000","177,948,000","223,418,000","251,552,000","256,633,000","273,044,000","264,948,000",,,,,,,,,,,,,,,,,,,,,,,,,"194,527,000"
18,OtherIncomeExpense,"-214,191,000","-245,481,000","-173,816,000","-58,215,000","-681,453,000","-288,656,000","-637,004,000","-169,558,000","-253,267,000","-125,999,000","-260,931,000","-339,129,000","-162,199,000","-53,794,000","43,073,000","3,246,000","8,686,000","15,091,000","18,483,000","50,207,000","61,611,000","8,900,000","33,100,000","44,100,000","16,400,000","7,700,000","5,100,000","12,800,000","6,900,000","7,300,000","7,700,000","3,000,000","4,100,000","-69,100,000","-5,800,000","-15,100,000","43,328,000"
19,	GainOnSaleOfSecurity,"-15,392,000","-19,135,000","-18,612,000","-409,000","-4,486,000","1,916,000","10,812,000","90,358,000","59,631,000","19,940,000",,,,,,,,,,,,,,,,,,,,,,,,,,,"-12,875,000"
20,	EarningsFromEquityInterest,0,"-5,000","1,000","7,000","-221,914,000","-75,081,000","-6,301,000","39,000","-301,320,000","56,647,000",,,,"17,724,000","20,545,000","5,671,000","4,057,000","10,183,000","14,775,000","36,887,000",,,,,,,,,,,,,,,,,
21,	SpecialIncomeCharges,"-198,969,000","-226,413,000","-151,557,000","-64,835,000","-448,193,000","-213,882,000","-639,087,000","-253,505,000","-9,488,000","-202,586,000","-260,931,000","-339,129,000","-162,199,000","-71,518,000","22,528,000","-2,425,000","4,629,000","4,908,000","3,708,000","13,320,000","61,611,000","8,900,000","33,100,000","44,100,000","16,400,000","7,700,000","5,100,000","12,800,000","6,900,000","7,300,000","7,700,000","3,000,000","4,100,000","-69,100,000","-5,800,000","-15,100,000","59,377,000"
22,		RestructuringAndMergernAcquisition,"19,070,000","11,447,000","14,323,000","21,628,000",0,"-47,074,000","22,313,000",,0,,,,,,,,,,,,,,,,,,,,,,,,,,,,"19,490,000"
23,		ImpairmentOfCapitalAssets,"371,971,000","214,067,000","45,570,000","6,895,000","216,355,000","74,464,000","604,174,000","20,000,000","151,594,000","198,072,000","260,931,000","339,129,000",,,,,,,,,,,,,,,,,,,,,,,,,"113,217,000"
24,		WriteOff,"19,590,000","290,471,000","144,446,000",0,"219,737,000","180,591,000","6,974,000","287,241,000","290,260,000",,,,,,,,,,,,,,,,,,,,,,,,,,,,"3,973,000"
25,		OtherSpecialCharges,"-224,025,000","-6,242,000","15,207,000","17,286,000","-2,729,000","8,194,000","14,456,000","219,881,000","5,382,000",,,,,,,,,,,,,,,,,,,,,,,,,,,,"-215,551,000"
26,		GainOnSaleOfPPE,"-12,363,000","-7,141,000","-76,457,000","-19,026,000","-14,830,000","2,293,000","8,830,000","-13,624,000","147,488,000","-4,514,000",,,,,,,,,,,,,,,,,,,,,,,,,,,"-19,494,000"
27,	OtherNonOperatingIncomeExpenses,"170,000","72,000","-3,648,000","7,022,000","-6,860,000","-1,609,000","-2,428,000","-6,450,000","-2,090,000",,,,,,,,,,,,,,,,,,,,,,,,,,,,"-3,174,000"
28,PretaxIncome,"-705,567,000","-588,922,000","-518,794,000","-580,084,000","-1,198,075,000","-427,535,000","-604,615,000","106,160,000","274,683,000","487,769,000","82,046,000","-235,116,000","801,624,000","1,135,331,000","1,470,919,000","873,950,000","335,838,000","174,623,000","140,774,000","542,282,000","226,707,000","45,600,000","200,000,000","182,400,000","81,600,000","58,600,000","4,300,000","36,500,000","35,600,000","29,900,000","17,000,000",,"-5,100,000","-92,700,000","-9,800,000","-17,800,000","-467,595,000"
29,TaxProvision,"57,286,000","91,576,000","79,269,000","-82,970,000","-186,831,000","-98,038,000","62,666,000","-55,181,000","32,628,000","142,605,000","-24,814,000","-149,228,000","250,451,000","239,664,000","450,183,000","225,255,000","33,381,000","-17,605,000","19,285,000","194,490,000","91,233,000","17,900,000","75,000,000","67,600,000","11,100,000","7,500,000","3,600,000","2,200,000","1,800,000","2,800,000","2,400,000",,"-800,000","-7,100,000","-200,000","-1,200,000","49,318,000"
30,EarningsFromEquityInterestNetOfTax,,,,,,,,,,"-3,000,000","-750,000",,,,,,,,,,,,,,,,,,,,,,,,,,
31,NetIncomeCommonStockholders,"-820,252,000","-720,129,000","-666,170,000","-546,811,000","-1,029,742,000","-372,675,000","-670,659,000","139,982,000","164,034,000","243,679,000","94,695,000","-85,546,000","551,173,000","930,691,000","1,020,736,000","648,695,000","302,457,000","192,228,000","121,489,000","357,450,000","137,356,000","27,700,000","125,000,000","114,800,000","70,500,000","51,100,000","700,000","34,300,000","33,800,000","27,100,000","14,600,000","5,500,000","-4,300,000","-85,600,000","-9,600,000","-22,800,000","-563,469,000"
32,	NetIncome,"-805,641,000","-702,885,000","-640,948,000","-546,811,000","-1,029,742,000","-372,675,000","-668,675,000","142,982,000","167,034,000","243,679,000","94,695,000","-85,546,000","551,173,000","930,691,000","1,020,736,000","648,695,000","302,457,000","192,228,000","121,489,000","357,450,000","137,356,000","27,700,000","125,000,000","114,800,000","70,500,000","51,100,000","700,000","34,300,000","33,800,000","27,100,000","14,600,000","5,500,000","-4,300,000","-85,600,000","-9,600,000","-22,800,000","-551,012,000"
33,		NetIncomeIncludingNoncontrollingInterests,"-762,846,000","-680,510,000","-612,726,000","-540,633,000","-1,029,607,000","-372,294,000","-667,260,000","150,162,000","167,655,000","244,724,000","94,780,000","-85,888,000","551,173,000","930,691,000","1,020,736,000","648,695,000","302,457,000","192,228,000","121,489,000","357,450,000","137,356,000","27,700,000","125,000,000","114,800,000","70,500,000","51,100,000","700,000","34,300,000","33,800,000","27,100,000","14,600,000","5,500,000","-4,300,000","-85,600,000","-9,600,000","-22,800,000","-516,906,000"
34,			NetIncomeContinuousOperations,"-762,853,000","-680,498,000","-598,063,000","-497,114,000","-1,011,244,000","-329,497,000","-667,281,000","161,341,000","242,055,000","342,164,000","106,110,000","-85,888,000","551,173,000","895,667,000","1,020,736,000","648,695,000","302,457,000","192,228,000","121,489,000","347,792,000","135,474,000","27,700,000","125,000,000","114,800,000","70,500,000","51,100,000","700,000","34,300,000","33,800,000","27,100,000","14,600,000","5,500,000","-4,300,000","-85,600,000","-9,600,000","-16,600,000","-516,913,000"
35,			NetIncomeDiscontinuousOperations,"7,000","-12,000","-14,663,000","-43,519,000","-18,363,000","-42,797,000","21,000","-11,179,000","-74,400,000","-97,440,000","-11,330,000",0,,"35,024,000",,,,,,,,,,,,,,,,,,,,,,"-6,200,000",
36,			NetIncomeFromTaxLossCarryforward,,,,,,,,,,,,,,,,,,,,"9,658,000","1,882,000",,,,,,,,,,,,,,,,
37,		MinorityInterests,"-42,795,000","-22,375,000","-28,222,000","-6,178,000","-135,000","-381,000","-1,415,000","-7,180,000","-621,000","-1,045,000","-85,000","342,000",,,,,,,,,,,,,,,,,,,,,,,,,"-34,106,000"
38,	PreferredStockDividends,"14,611,000","17,244,000","12,305,000",,,,"1,984,000","3,000,000","3,000,000",,,,,,,,,,,,,,,,,,,,,,,,,,,,"14,612,000"
39,	OtherunderPreferredStockDividend,,,"12,917,000",,,,,,,,,,,,,,,,,,,,,,,,,,,,,,,,,,
40,DilutedNIAvailtoComStockholders,"-820,252,000","-720,129,000","-666,170,000","-546,811,000","-1,029,742,000","-372,675,000","-670,659,000","139,982,000","164,034,000","243,679,000","94,695,000","-85,546,000","551,173,000","930,691,000","1,020,736,000","648,695,000","302,457,000","192,228,000","121,489,000","357,450,000","137,356,000","27,700,000","125,000,000","114,800,000","70,500,000","51,100,000","700,000","34,300,000","33,800,000","27,100,000","14,600,000","5,500,000","-4,300,000","-85,600,000","-9,600,000","-22,800,000","-563,469,000"
41,BasicEPS,-118.69,-105.5,-99.5,-95,-182,-64.5,-114,23.5,28.5,42.5,16.5,-15,99,167,176,104,50.75,32.75,21.25,62,23.75,6.25,31,28,19,14.5,0.25,12.5,13,11,6.75,3,-4.75,-213.75,-75.25,-69.75,
42,DilutedEPS,-118.69,-105.5,-99.5,-95,-182,-64.5,-114,23.5,28,41.5,16.5,-15,96.5,162.5,170,100,48,31.25,20.25,56,22.5,5.75,29,26.5,18.75,14.25,0.25,12.5,13,11,6.75,3,-4.75,-213.75,-75.25,-69.75,
43,BasicAverageShares,"7,059,000","7,032,340","6,687,940","5,613,060","5,529,500","5,659,640","5,813,880","5,883,640","5,799,300","5,742,360","5,702,900","5,666,520","5,563,320","5,580,520","5,804,820","6,242,680","5,957,440","5,859,800","5,746,200","5,777,200","5,773,760","4,432,000","4,032,258","4,100,000","3,710,526","3,524,138","2,800,000","2,744,000","2,600,000","2,463,636","2,162,963","1,833,333","1,674,880","400,468","400,000","326,882",
44,DilutedAverageShares,"7,059,000","7,032,340","6,687,940","5,613,060","5,529,500","5,659,640","5,813,880","5,931,840","5,846,460","5,849,680","5,799,920","5,666,520","5,705,700","5,732,120","5,996,540","6,487,560","6,561,200","6,275,880","5,999,880","6,751,600","6,096,680","4,817,391","4,310,345","4,332,075","3,760,000","3,585,965","2,800,000","2,744,000","2,600,000","2,463,636","2,162,963","1,833,333","1,674,880","400,468","400,000","326,882",
45,TotalExpenses,"2,423,850,000","3,190,937,000","3,180,430,000","2,863,265,000","2,559,101,000","3,821,388,000","6,593,860,000","5,652,879,000","6,210,071,000","5,189,950,000","3,599,519,000","3,134,470,000","4,248,345,000","3,740,753,000","3,400,361,000","2,585,772,000","2,068,436,000","1,677,483,000","1,311,170,000","1,622,333,000","1,147,239,000","583,800,000","785,700,000","874,600,000","642,700,000","514,200,000","416,200,000","320,400,000","252,200,000","213,300,000","126,300,000","71,200,000","57,100,000","38,300,000","68,700,000","93,100,000","2,196,211,000"
46,NetIncomeFromContinuingAndDiscontinuedOperation,"-805,641,000","-702,885,000","-640,948,000","-546,811,000","-1,029,742,000","-372,675,000","-668,675,000","142,982,000","167,034,000","243,679,000","94,695,000","-85,546,000","551,173,000","930,691,000","1,020,736,000","648,695,000","302,457,000","192,228,000","121,489,000","347,792,000","135,474,000","27,700,000","125,000,000","114,800,000","70,500,000","51,100,000","700,000","34,300,000","33,800,000","27,100,000","14,600,000","5,500,000","-4,300,000","-85,600,000","-9,600,000","-22,800,000","-551,012,000"
47,NormalizedIncome,"-649,164,470","-523,622,960","-502,061,630","-447,377,892","-629,317,924","-166,452,214","-105,761,600","260,206,550","197,258,017","470,366,295.224","275,630,150","134,887,850","662,696,244.597","952,087,825.738","1,005,102,820.601","650,494,971.823","298,288,104.72","189,283,200","118,288,968.659","339,249,231.772","98,507,400","22,293,640.351","104,312,500","87,044,078.947","56,330,882.353","44,385,494.881","-2,360,000","22,271,506.849","27,248,876.404","20,483,612.04","7,987,058.824","3,700,000","-7,756,862.745","-21,792,448.759","-3,918,367.347","-2,517,977.528","-578,920,200"
48,InterestIncome,"4,705,000","8,424,000","4,957,000",,,,,,,,,,,,,,,,,,,,,,,,,,,,,,,,,,"3,625,000"
49,InterestExpense,"206,274,000","204,311,000","227,124,000","222,889,000","185,360,000","181,928,000","177,948,000","223,418,000","251,552,000","256,633,000","273,044,000","264,948,000",,,,,,,,,,,,,,,,,,,,,,,,,"194,527,000"
50,NetInterestIncome,"-201,569,000","-195,887,000","-222,167,000","-222,889,000","-185,360,000","-181,928,000","-177,948,000","-223,418,000","-251,552,000","-256,633,000","-273,044,000","-264,948,000",,,,,,,,,,,,,,,,,,,,,,,,,"-190,902,000"
51,EBIT,"-499,293,000","-384,611,000","-291,670,000","-357,195,000","-1,012,715,000","-245,607,000","-426,667,000","329,578,000","526,235,000","744,402,000","355,090,000","29,832,000","1,055,443,000","1,199,928,000","1,542,353,000","965,237,000","379,716,000","245,363,000","207,842,000","498,824,000","179,885,000","58,500,000","182,500,000","154,700,000","77,000,000","58,600,000","6,400,000","31,600,000","34,100,000","26,800,000","12,700,000","3,300,000","-1,000,000","-9,700,000","500,000","-1,500,000","-273,068,000"
52,EBITDA,,,,,,,,,,,,,,,,,,,,,,,,,,,,,,,,,,,,,"530,843,000"
53,ReconciledCostOfRevenue,"2,186,771,000","2,805,422,000","2,843,844,000","2,561,012,000","2,215,929,000","3,341,895,000","5,650,164,000","5,068,505,000","5,538,837,000","3,728,047,000","2,411,613,000","2,011,508,000","3,100,123,000","2,749,074,000","2,558,722,000","1,966,220,000","1,546,340,000","1,245,816,000","943,070,000","1,265,289,000","888,322,000","418,700,000","623,800,000","737,800,000","539,700,000","434,100,000","325,100,000","261,200,000","195,100,000","170,400,000","99,700,000","56,600,000","46,000,000","26,700,000","51,200,000","70,200,000","1,965,798,000"
54,ReconciledDepreciation,"853,697,000","876,103,000","868,509,000","845,439,000","874,296,000","973,318,000","1,148,309,000","1,122,011,000","1,058,330,000","972,011,000","794,185,000","680,337,000","668,238,000","555,397,000","420,785,000","369,579,000","326,708,000","266,264,000","226,205,000","221,548,000","152,413,000","99,800,000","84,900,000","66,400,000","46,100,000","31,000,000","19,900,000","18,700,000","14,400,000","8,500,000","4,500,000","3,300,000","3,200,000","5,700,000","9,900,000","12,600,000","803,911,000"
55,NetIncomeFromContinuingOperationNetMinorityInterest,"-805,648,000","-702,873,000","-626,285,000","-503,292,000","-1,011,379,000","-329,878,000","-668,696,000","154,161,000","241,434,000","341,119,000","106,025,000","-85,546,000","551,173,000","895,667,000","1,020,736,000","648,695,000","302,457,000","192,228,000","121,489,000","347,792,000","135,474,000","27,700,000","125,000,000","114,800,000","70,500,000","51,100,000","700,000","34,300,000","33,800,000","27,100,000","14,600,000","5,500,000","-4,300,000","-85,600,000","-9,600,000","-16,600,000","-551,019,000"
56,TotalUnusualItemsExcludingGoodwill,"-214,361,000","-245,548,000","-170,169,000","-65,244,000","-452,679,000","-211,966,000","-628,275,000","-163,147,000","50,143,000","-182,646,000","-260,931,000","-339,129,000","-162,199,000","-71,518,000","22,528,000","-2,425,000","4,629,000","4,908,000","3,708,000","13,320,000","61,611,000","8,900,000","33,100,000","44,100,000","16,400,000","7,700,000","5,100,000","12,800,000","6,900,000","7,300,000","7,700,000","3,000,000","4,100,000","-69,100,000","-5,800,000","-15,100,000","46,502,000"
57,TotalUnusualItems,"-214,361,000","-245,548,000","-170,169,000","-65,244,000","-452,679,000","-211,966,000","-628,275,000","-163,147,000","50,143,000","-182,646,000","-260,931,000","-339,129,000","-162,199,000","-71,518,000","22,528,000","-2,425,000","4,629,000","4,908,000","3,708,000","13,320,000","61,611,000","8,900,000","33,100,000","44,100,000","16,400,000","7,700,000","5,100,000","12,800,000","6,900,000","7,300,000","7,700,000","3,000,000","4,100,000","-69,100,000","-5,800,000","-15,100,000","46,502,000"
58,NormalizedEBITDA,"568,765,000","737,040,000","747,008,000","553,488,000","314,260,000","939,677,000","1,349,917,000","1,614,736,000","1,534,422,000","1,899,059,000","1,410,206,000","1,049,298,000","1,885,880,000","1,826,843,000","1,940,610,000","1,337,241,000","701,795,000","506,719,000","430,339,000","707,052,000","270,687,000","149,400,000","234,300,000","177,000,000","106,700,000","81,900,000","21,200,000","37,500,000","41,600,000","28,000,000","9,500,000","3,600,000","-1,900,000","65,100,000","16,200,000","26,200,000","484,341,000"
59,TaxRateForCalcs,0.27,0.27,0.27,0.143,0.156,0.229,0.104,0.35,0.119,0.292,0.35,0.35,0.312,0.211,0.306,0.258,0.099,0.4,0.137,0.359,0.4,0.393,0.375,0.371,0.136,0.128,0.4,0.06,0.051,0.094,0.141,0.4,0.157,0.077,0.02,0.067,0.4
60,TaxEffectOfUnusualItems,"-57,877,470","-66,297,960","-45,945,630","-9,329,892","-70,617,924","-48,540,214","-65,340,600","-57,101,450","5,967,017","-53,398,704.776","-91,325,850","-118,695,150","-50,675,755.403","-15,097,174.262","6,894,820.601","-625,028.177","460,104.72","1,963,200","507,968.659","4,777,231.772","24,644,400","3,493,640.351","12,412,500","16,344,078.947","2,230,882.353","985,494.881","2,040,000","771,506.849","348,876.404","683,612.04","1,087,058.824","1,200,000","643,137.255","-5,292,448.759","-118,367.347","-1,017,977.528","18,600,800"
