,name,12/31/2020,12/31/2019,12/31/2018,12/31/2017,12/31/2016,12/31/2015,12/31/2014,12/31/2013,12/31/2012,12/31/2011,12/31/2010,12/31/2009,12/31/2008,12/31/2007,12/31/2006,12/31/2005,12/31/2004,12/31/2003,12/31/2002,12/31/2001,12/31/2000,12/31/1999,12/31/1998,12/31/1997,12/31/1996,12/31/1995,12/31/1994,12/31/1993,12/31/1992,ttm
0,TotalAssets,"3,299,069,000","4,439,615,000","5,469,866,000","5,758,856,000","3,804,606,000","4,533,317,000","5,394,011,000","4,687,127,000","4,556,911,000","4,221,901,000","3,423,031,000","2,662,152,000","2,712,817,000","2,465,199,000","2,192,503,000","1,795,781,000","1,322,911,000","1,075,830,000","942,509,000","869,642,000","410,586,000","236,300,000","236,600,000","203,200,000","87,900,000","43,800,000","31,700,000","18,400,000","13,600,000",
1,	CurrentAssets,"477,956,000","631,815,000","950,197,000","746,855,000","283,321,000","486,536,000","909,092,000","808,650,000","699,991,000","764,950,000","557,410,000","457,268,000","641,374,000","522,785,000","652,670,000","637,857,000","387,033,000","308,060,000","243,015,000","199,458,000","167,763,000","58,700,000","53,500,000","77,000,000","35,500,000","16,800,000","16,400,000","10,600,000","7,200,000",
2,		CashCashEquivalentsAndShortTermInvestments,"224,915,000","174,185,000","245,029,000","42,828,000","35,152,000","113,346,000","43,012,000","249,509,000","110,723,000","23,946,000","27,612,000","49,877,000","81,223,000","17,434,000","13,385,000","136,398,000","112,371,000","100,483,000","82,154,000","33,584,000","59,355,000","8,800,000","9,000,000","23,300,000","3,500,000","2,500,000","3,400,000","4,000,000","2,100,000",
3,			CashAndCashEquivalents,"224,915,000","174,185,000","245,029,000","42,828,000","35,152,000","113,346,000","43,012,000","249,509,000","110,723,000","23,946,000","27,612,000","49,877,000","81,223,000","17,434,000","13,385,000","136,398,000","112,371,000","100,483,000","82,154,000","33,584,000","59,355,000","8,800,000","9,000,000","23,300,000","3,500,000","2,500,000","3,400,000","4,000,000","2,100,000",
4,		Receivables,"164,642,000","346,096,000","562,927,000","581,506,000","150,217,000","253,126,000","745,130,000","451,517,000","465,517,000","518,109,000","412,229,000","283,367,000","424,706,000","373,279,000","489,554,000","422,002,000","214,097,000","169,012,000","123,733,000","135,510,000","82,066,000","42,500,000","29,100,000","45,500,000","24,700,000","11,000,000","10,400,000","6,300,000","4,500,000",
5,			AccountsReceivable,"160,214,000","339,699,000","558,817,000","580,354,000","148,091,000","219,672,000","663,404,000","451,517,000","465,517,000","518,109,000","337,167,000","164,498,000","414,531,000","373,279,000","484,106,000","422,002,000","214,097,000","156,345,000","99,014,000","133,837,000",,,,,,,,,,
6,				GrossAccountsReceivable,"171,056,000","346,215,000","561,129,000","582,677,000","151,282,000","223,217,000","666,950,000","455,191,000","469,030,000","522,996,000",,,,,,,,,,,,,,,,,,,,
7,				AllowanceForDoubtfulAccountsReceivable,"-10,842,000","-6,516,000","-2,312,000","-2,323,000","-3,191,000","-3,545,000","-3,546,000","-3,674,000","-3,513,000","-4,887,000",,,,,,,,,,,,,,,,,,,,
8,			TaxesReceivable,"4,428,000","6,397,000","4,110,000","1,152,000","2,126,000","33,454,000","81,726,000",,,0,"75,062,000","118,869,000","10,175,000",,,,,,,,,,,,,,,,,
9,			OtherReceivables,,,,,,,,,,,,,,,"5,448,000",,,"12,667,000","24,719,000","1,673,000",,,,,,,,,,
10,		Inventory,"33,085,000","36,357,000","65,579,000","69,167,000","20,191,000","14,716,000","32,251,000","21,248,000","26,889,000","31,306,000","17,215,000","6,941,000","41,999,000","44,416,000","43,947,000","27,907,000","17,738,000","15,206,000","15,323,000","16,272,000","12,186,000","2,000,000","1,300,000","4,800,000","300,000","400,000","400,000","300,000","200,000",
11,			RawMaterials,"31,683,000","35,023,000","58,857,000","66,368,000","18,388,000",,,,,,,,,,,,,,,,,,,,,,,,,
12,			WorkInProcess,"802,000","1,229,000","6,375,000","529,000","1,803,000",,,,,,,,,,,,,,,,,,,,,,,,,
13,			FinishedGoods,"600,000","105,000","347,000","2,270,000",,,,,,,,,,,,,,,,,,,,,,,,,,
14,		CurrentDeferredAssets,,,,,"36,439,000","65,121,000","37,075,000","32,952,000","52,959,000","142,725,000","26,815,000","32,877,000","35,928,000","35,370,000","48,868,000","26,382,000","15,991,000","16,449,000","15,290,000","8,747,000",,,,,,,,,,
15,			CurrentDeferredTaxesAssets,,,,,"36,439,000","65,121,000","37,075,000","32,952,000","52,959,000","142,725,000","26,815,000","32,877,000","35,928,000","35,370,000","48,868,000","26,382,000","15,991,000","16,449,000","15,290,000","8,747,000",,,,,,,,,,
16,		AssetsHeldForSaleCurrent,,,,,,,,,,0,"23,370,000",,,,,,,,,,,,,,,,,,,
17,		OtherCurrentAssets,"55,314,000","75,177,000","76,662,000","53,354,000","41,322,000","40,227,000","51,624,000","53,424,000","43,903,000","48,864,000","50,169,000","84,206,000","57,518,000","52,286,000","56,916,000","25,168,000","26,836,000","6,910,000","6,515,000","5,345,000","14,156,000","5,400,000","14,100,000","3,400,000","7,000,000","2,900,000","2,200,000",,"400,000",
18,	TotalNonCurrentAssets,"2,821,113,000","3,807,800,000","4,519,669,000","5,012,001,000","3,521,285,000","4,046,781,000","4,484,919,000","3,878,477,000","3,856,920,000","3,456,951,000","2,865,621,000","2,204,884,000","2,071,443,000","1,942,414,000","1,539,833,000","1,157,924,000","935,878,000","767,770,000","699,494,000","670,184,000","242,823,000","177,600,000","183,100,000","126,200,000","52,400,000","27,000,000","15,300,000","7,800,000","6,400,000",
19,		NetPPE,"2,779,607,000","3,346,018,000","4,014,589,000","4,271,081,000","3,425,013,000","3,943,075,000","4,243,450,000","3,688,101,000","3,659,159,000","3,167,266,000","2,620,900,000","2,110,402,000","1,937,112,000","1,841,404,000","1,435,804,000","1,053,845,000","828,875,000","693,631,000","627,734,000","614,420,000","202,592,000","133,800,000","136,700,000","100,400,000","51,300,000","26,500,000","14,600,000","7,200,000","5,700,000",
20,			GrossPPE,"8,108,039,000","8,590,760,000","8,815,708,000","8,506,389,000","7,146,046,000","7,305,278,000","7,084,010,000","6,078,210,000","5,665,003,000","4,938,294,000","4,156,139,000","3,390,449,000","3,058,965,000","2,884,685,000","2,259,204,000","1,741,091,000","1,400,848,000","1,161,536,000","1,020,234,000","922,251,000","352,906,000","256,100,000","234,800,000","173,800,000","109,900,000","54,900,000","38,300,000","28,300,000","24,600,000",
21,				Properties,0,0,0,0,0,0,0,0,0,"131,812,000","110,749,000","93,354,000","89,809,000",0,0,0,0,0,0,0,,,,,,,,,,
22,				LandAndImprovements,"25,781,000","25,747,000","26,144,000","26,593,000","22,270,000","22,370,000","12,038,000","12,054,000","10,413,000","11,467,000","11,074,000","9,795,000","10,196,000","85,723,000","92,650,000","84,690,000","86,660,000","61,309,000","3,779,000","3,703,000",,,,,,,,,,
23,				BuildingsAndImprovements,"193,503,000","184,700,000","186,736,000","185,475,000","97,029,000","96,470,000","83,465,000","80,050,000","66,490,000","64,090,000","61,425,000","56,563,000","61,529,000","50,955,000","30,987,000","22,490,000","13,008,000","11,773,000","11,073,000","10,357,000",,,,,,,,,,
24,				MachineryFurnitureEquipment,"7,647,451,000","8,114,326,000","8,370,933,000","8,066,404,000","6,809,129,000","6,963,148,000","6,679,894,000","5,749,975,000","5,387,490,000","4,730,925,000","3,972,891,000","3,230,737,000","2,897,431,000","2,748,007,000","2,135,567,000","1,633,911,000","1,301,180,000","1,088,454,000","1,005,382,000","908,191,000",,,,,,,,,,
25,				OtherProperties,"239,588,000","257,921,000","219,855,000","211,566,000","201,568,000","200,923,000","196,234,000","183,571,000","156,834,000",,,,,,,,,,,,,,,,,,,,,
26,				ConstructionInProgress,"1,716,000","8,066,000","12,040,000","16,351,000","16,050,000","22,367,000","112,379,000","52,560,000","43,776,000",,,,,,,,,,,,,,,,,,,,,
27,			AccumulatedDepreciation,"-5,328,432,000","-5,244,742,000","-4,801,119,000","-4,235,308,000","-3,721,033,000","-3,362,203,000","-2,840,560,000","-2,390,109,000","-2,005,844,000","-1,771,028,000","-1,535,239,000","-1,280,047,000","-1,121,853,000","-1,043,281,000","-823,400,000","-687,246,000","-571,973,000","-467,905,000","-392,500,000","-307,831,000","-150,314,000","-122,300,000","-98,100,000","-73,400,000","-58,600,000","-28,400,000","-23,700,000","-21,100,000","-18,900,000",
28,		GoodwillAndOtherIntangibleAssets,"30,087,000","444,004,000","477,640,000","687,072,000","88,966,000","92,609,000","220,813,000","167,470,000","171,463,000","175,573,000","179,683,000","86,234,000","86,234,000","96,198,000","99,056,000","99,056,000","101,326,000","51,179,000","51,313,000","51,634,000","38,641,000","41,800,000","45,900,000","24,600,000",,,,,,
29,			Goodwill,0,"372,560,000","410,756,000","611,473,000","86,234,000","86,234,000","210,795,000","153,809,000","153,809,000","153,809,000","153,809,000","86,234,000","86,234,000","96,198,000","99,056,000",,,,,,,,,,,,,,,
30,			OtherIntangibleAssets,"30,087,000","71,444,000","66,884,000","75,599,000","2,732,000","6,375,000","10,018,000","13,661,000","17,654,000","21,764,000","25,874,000",,,,,"99,056,000","101,326,000","51,179,000","51,313,000","51,634,000","38,641,000","41,800,000","45,900,000","24,600,000",,,,,,
31,		InvestmentsAndAdvances,,,,,,,,,,"99,543,000","51,084,000","914,000",,,,,,,,,,,,,,,,,,
32,		NonCurrentDeferredAssets,,,0,"3,875,000",,,,,,,,,,,,,,,,,,,,,,,,,,
33,			NonCurrentDeferredTaxesAssets,,,0,"3,875,000",,,,,,,,,,,,,,,,,,,,,,,,,,
34,		NonCurrentPrepaidAssets,"1,716,000","8,066,000","12,040,000","16,351,000","16,050,000","22,367,000","112,379,000","52,560,000","43,776,000",,,,,,,,,,,,,,,,,,,,,
35,		OtherNonCurrentAssets,"11,419,000","17,778,000","27,440,000","49,973,000","7,306,000","11,097,000","20,656,000","22,906,000","26,298,000","14,569,000","13,954,000","7,334,000","48,097,000","4,812,000","4,973,000","5,023,000","5,677,000","22,960,000","20,447,000","4,130,000","1,590,000","2,000,000","500,000","1,200,000","1,100,000","500,000","700,000","600,000","700,000",
36,TotalLiabilitiesNetMinorityInterest,"1,283,010,000","1,605,995,000","1,964,443,000","1,776,363,000","1,555,882,000","1,972,186,000","2,488,201,000","1,931,130,000","1,916,254,000","1,705,270,000","1,235,424,000","580,452,000","585,875,000","569,169,000","630,037,000","428,770,000","315,372,000","255,759,000","204,953,000","182,500,000","107,780,000","83,500,000","79,700,000","56,300,000","44,400,000","23,400,000","17,200,000","8,300,000","9,800,000",
37,	CurrentLiabilities,"273,722,000","400,602,000","526,316,000","546,250,000","264,815,000","308,132,000","568,404,000","354,277,000","359,863,000","418,712,000","315,965,000","193,308,000","302,613,000","295,208,000","317,618,000","255,409,000","150,076,000","108,447,000","75,152,000","89,286,000","56,878,000","31,700,000","23,000,000","30,500,000","17,900,000","10,500,000","11,200,000","6,300,000","7,500,000",
38,		PayablesAndAccruedExpenses,"187,317,000","300,337,000","433,013,000","454,683,000","187,474,000","156,207,000","468,924,000","259,173,000","273,230,000","408,712,000","309,715,000","193,308,000","302,613,000","295,208,000","317,618,000","255,409,000","150,076,000","108,447,000","75,152,000","89,286,000","42,499,000","23,700,000","11,200,000","17,000,000","15,100,000","7,900,000","9,000,000","5,400,000","4,900,000",
39,			Payables,"102,288,000","193,221,000","315,688,000","348,953,000","132,433,000","91,832,000","394,082,000","196,187,000","204,730,000","244,083,000","162,400,000","83,700,000","169,958,000","156,916,000","172,155,000","131,899,000","68,159,000","56,381,000","39,639,000","52,778,000","42,499,000","23,700,000","11,200,000","17,000,000","15,100,000","7,900,000","9,000,000","5,400,000","4,900,000",
40,				AccountsPayable,"91,622,000","170,475,000","288,962,000","319,621,000","125,667,000","82,771,000","382,438,000","173,150,000","188,823,000","241,610,000","162,400,000","83,700,000","169,958,000","156,916,000","172,155,000","131,899,000","68,159,000","56,381,000","39,639,000","52,778,000","42,499,000","23,700,000","11,200,000","17,000,000","15,100,000","7,900,000","9,000,000","5,400,000","4,900,000",
41,				TotalTaxPayable,"10,666,000","22,746,000","26,726,000","29,332,000","6,766,000","9,061,000","11,644,000","23,037,000","15,907,000","2,473,000",,,0,,,,,,,,,,,,,,,,,
42,					IncomeTaxPayable,0,"342,000","1,408,000",,,,0,"10,670,000","6,158,000","2,473,000",,,0,,,,,,,,,,,,,,,,,
43,			CurrentAccruedExpenses,"85,029,000","107,116,000","117,325,000","105,730,000","55,041,000","64,375,000","74,842,000","62,986,000","68,500,000","164,629,000","147,315,000","109,608,000","132,655,000","138,292,000","145,463,000","123,510,000","81,917,000","52,066,000","35,513,000","36,508,000",,,,,,,,,,
44,				InterestPayable,"11,325,000","12,021,000","15,774,000","7,558,000","6,740,000","7,668,000","7,427,000","7,604,000","7,664,000",,,,,,,,,,,,,,,,,,,,,
45,		PensionandOtherPostRetirementBenefitPlansCurrent,"79,309,000","90,330,000","93,303,000","91,567,000","77,341,000","88,175,000","86,980,000","85,104,000","78,860,000",,,,,,,,,,,,,,,,,,,,,
46,		CurrentDebtAndCapitalLeaseObligation,"7,096,000","9,935,000",,,,"63,750,000","12,500,000","10,000,000","6,250,000","10,000,000","6,250,000",,,,,,,,,,"4,477,000",,"8,600,000","1,500,000","100,000","900,000","900,000","400,000","2,100,000",
47,			CurrentDebt,,,,,,"63,750,000","12,500,000","10,000,000","6,250,000","10,000,000","6,250,000",,,,,,,,,,"4,477,000",,"8,600,000","1,500,000","100,000","900,000","900,000","400,000","2,100,000",
48,			CurrentCapitalLeaseObligation,"7,096,000","9,935,000",,,,,,,,,,,,,,,,,,,,,,,,,,,,
49,		CurrentDeferredLiabilities,,,,,,,,0,"1,523,000",,,,,,,,,,,,,,,,,,,,,
50,			CurrentDeferredRevenue,,,,,,,,0,"1,523,000",,,,,,,,,,,,,,,,,,,,,
51,		OtherCurrentLiabilities,,,,,,,,,,,,,,,,,,,,,"9,902,000","8,000,000","3,200,000","12,000,000","2,700,000","1,700,000","1,300,000","500,000","500,000",
52,	TotalNonCurrentLiabilitiesNetMinorityInterest,"1,009,288,000","1,205,393,000","1,438,127,000","1,230,113,000","1,291,067,000","1,664,054,000","1,919,797,000","1,576,853,000","1,556,391,000","1,286,558,000","919,459,000","387,144,000","283,262,000","273,961,000","312,419,000","173,361,000","165,296,000","147,312,000","129,801,000","93,214,000","50,902,000","51,800,000","56,700,000","25,800,000","26,500,000","12,900,000","6,000,000","2,000,000","2,300,000",
53,		LongTermDebtAndCapitalLeaseObligation,"920,602,000","993,184,000","1,119,205,000","866,783,000","598,437,000","791,250,000","973,000,000","682,500,000","692,500,000","492,500,000","392,500,000",,,"50,000,000","120,000,000",,,,,,"19,939,000","50,000,000","47,100,000","21,800,000","25,700,000","12,900,000","6,000,000","2,100,000","2,300,000",
54,			LongTermDebt,"901,484,000","966,540,000","1,119,205,000","866,783,000","598,437,000","791,250,000","973,000,000","682,500,000","692,500,000","492,500,000","392,500,000",,,"50,000,000","120,000,000",,,,,,"19,939,000","50,000,000","47,100,000","21,800,000","25,700,000","12,900,000","6,000,000","2,100,000","2,300,000",
55,			LongTermCapitalLeaseObligation,"19,118,000","26,644,000",,,,,,,,,,,,,,,,,,,,,,,,,,,,
56,		NonCurrentDeferredLiabilities,"77,676,000","202,959,000","306,161,000","350,836,000","682,976,000","863,833,000","935,660,000","887,864,000","857,302,000","786,632,000","511,422,000","381,656,000","277,717,000","219,490,000","187,960,000","169,188,000","162,040,000","143,490,000","127,006,000","92,859,000","30,083,000","1,700,000","9,600,000","3,300,000","100,000",,,,,
57,			NonCurrentDeferredTaxesLiabilities,"77,676,000","202,959,000","306,161,000","350,836,000","682,976,000","863,833,000","935,660,000","887,864,000","857,302,000","786,632,000","511,422,000","381,656,000","277,717,000","219,490,000","187,960,000","169,188,000","162,040,000","143,490,000","127,006,000","92,859,000","30,083,000","1,700,000","9,600,000","3,300,000","100,000",,,,,
58,		OtherNonCurrentLiabilities,"11,010,000","9,250,000","12,761,000","12,494,000","9,654,000","8,971,000","11,137,000","6,489,000","6,589,000","7,426,000","15,537,000","5,488,000","5,545,000","4,471,000","4,459,000","4,173,000","3,256,000","3,822,000","2,795,000","355,000","880,000","100,000",,"700,000","700,000",,,"-100,000",,
59,TotalEquityGrossMinorityInterest,"2,016,059,000","2,833,620,000","3,505,423,000","3,982,493,000","2,248,724,000","2,561,131,000","2,905,810,000","2,755,997,000","2,640,657,000","2,516,631,000","2,187,607,000","2,081,700,000","2,126,942,000","1,896,030,000","1,562,466,000","1,367,011,000","1,007,539,000","820,071,000","737,556,000","687,142,000","302,806,000","152,800,000","156,900,000","146,900,000","43,500,000","20,400,000","14,500,000","10,100,000","3,800,000",
60,	StockholdersEquity,"2,016,059,000","2,833,620,000","3,505,423,000","3,982,493,000","2,248,724,000","2,561,131,000","2,905,810,000","2,755,997,000","2,640,657,000","2,516,631,000","2,187,607,000","2,081,700,000","2,126,942,000","1,896,030,000","1,562,466,000","1,367,011,000","1,007,539,000","820,071,000","737,556,000","687,142,000","302,806,000","152,800,000","156,900,000","146,900,000","43,500,000","20,400,000","14,500,000","10,100,000","3,800,000",
61,		CapitalStock,"2,710,000","2,694,000","2,673,000","2,662,000","1,915,000","1,904,000","1,893,000","1,865,000","1,841,000","1,833,000","1,815,000","1,808,000","1,801,000","1,773,000","1,766,000","1,759,000","1,716,000","825,000","816,000","784,000","375,000","300,000",,,,,,,,
62,			PreferredStock,0,0,0,0,0,0,0,0,0,0,0,0,0,,,,,,,,,,,,,,,,,
63,			CommonStock,"2,710,000","2,694,000","2,673,000","2,662,000","1,915,000","1,904,000","1,893,000","1,865,000","1,841,000","1,833,000","1,815,000","1,808,000","1,801,000","1,773,000","1,766,000","1,759,000","1,716,000","825,000","816,000","784,000","375,000","300,000",,,,,,,,
64,		AdditionalPaidInCapital,"2,902,236,000","2,875,680,000","2,827,154,000","2,785,823,000","1,042,696,000","1,011,811,000","984,674,000","913,505,000","863,558,000","840,731,000","796,641,000","781,635,000","765,512,000","703,581,000","681,069,000","672,151,000","597,280,000","506,018,000","489,201,000","441,475,000","245,462,000","117,600,000",,,,,,,,
65,		RetainedEarnings,"472,014,000","1,294,902,000","1,753,557,000","2,105,897,000","2,116,341,000","2,458,554,000","2,811,815,000","2,707,439,000","2,548,542,000","2,279,367,000","1,987,999,000","1,901,853,000","1,970,824,000","1,716,620,000","1,346,542,000","719,113,000","415,489,000","316,329,000","261,003,000","258,834,000","245,462,000","34,900,000","44,000,000","44,300,000","22,100,000","6,200,000","4,300,000","1,800,000","300,000",
66,		TreasuryStock,"1,366,313,000","1,345,134,000","1,080,448,000","918,711,000","911,094,000","907,045,000","899,035,000","880,888,000","795,051,000","624,759,000","620,445,000","618,592,000","616,969,000","546,151,000","475,301,000","25,290,000","13,137,000","11,655,000","11,655,000","11,655,000","1,650,000",,,,,,,,,
67,		GainsLossesNotAffectingRetainedEarnings,"5,412,000","5,478,000","2,487,000","6,822,000","-1,134,000","-4,093,000","6,463,000","14,076,000","21,767,000","19,459,000","21,597,000","14,996,000","5,774,000","20,207,000","8,390,000","-722,000","6,191,000","8,554,000","-1,809,000","-2,296,000",,,,,,,,,,
68,		OtherEquityInterest,,,,,,,,,,,,,,,,,,,,,"-186,843,000",,"112,900,000","102,600,000","21,400,000","14,200,000","10,200,000","8,300,000","3,500,000",
69,TotalCapitalization,"2,917,543,000","3,800,160,000","4,624,628,000","4,849,276,000","2,847,161,000","3,352,381,000","3,878,810,000","3,438,497,000","3,333,157,000","3,009,131,000","2,580,107,000","2,081,700,000","2,126,942,000","1,946,030,000","1,682,466,000","1,367,011,000","1,007,539,000","820,071,000","737,556,000","687,142,000","322,745,000","202,800,000","204,000,000","168,700,000","69,200,000","33,300,000","20,500,000","12,200,000","6,100,000",
70,CommonStockEquity,"2,016,059,000","2,833,620,000","3,505,423,000","3,982,493,000","2,248,724,000","2,561,131,000","2,905,810,000","2,755,997,000","2,640,657,000","2,516,631,000","2,187,607,000","2,081,700,000","2,126,942,000","1,896,030,000","1,562,466,000","1,367,011,000","1,007,539,000","820,071,000","737,556,000","687,142,000","302,806,000","152,800,000","156,900,000","146,900,000","43,500,000","20,400,000","14,500,000","10,100,000","3,800,000",
71,CapitalLeaseObligations,"26,214,000","36,579,000",,,,,,,,,,,,,,,,,,,,,,,,,,,,
72,NetTangibleAssets,"1,985,972,000","2,389,616,000","3,027,783,000","3,295,421,000","2,159,758,000","2,468,522,000","2,684,997,000","2,588,527,000","2,469,194,000","2,341,058,000","2,007,924,000","1,995,466,000","2,040,708,000","1,799,832,000","1,463,410,000","1,267,955,000","906,213,000","768,892,000","686,243,000","635,508,000","264,165,000","111,000,000","111,000,000","122,300,000","43,500,000","20,400,000","14,500,000","10,100,000","3,800,000",
73,WorkingCapital,"204,234,000","231,213,000","423,881,000","200,605,000","18,506,000","178,404,000","340,688,000","454,373,000","340,128,000","346,238,000","241,445,000","263,960,000","338,761,000","227,577,000","335,052,000","382,448,000","236,957,000","199,613,000","167,863,000","110,172,000","110,885,000","27,000,000","30,500,000","46,500,000","17,600,000","6,300,000","5,200,000","4,300,000","-300,000",
74,InvestedCapital,"2,917,543,000","3,800,160,000","4,624,628,000","4,849,276,000","2,847,161,000","3,416,131,000","3,891,310,000","3,448,497,000","3,339,407,000","3,019,131,000","2,586,357,000","2,081,700,000","2,126,942,000","1,946,030,000","1,682,466,000","1,367,011,000","1,007,539,000","820,071,000","737,556,000","687,142,000","327,222,000","202,800,000","212,600,000","170,200,000","69,300,000","34,200,000","21,400,000","12,600,000","8,200,000",
75,TangibleBookValue,"1,985,972,000","2,389,616,000","3,027,783,000","3,295,421,000","2,159,758,000","2,468,522,000","2,684,997,000","2,588,527,000","2,469,194,000","2,341,058,000","2,007,924,000","1,995,466,000","2,040,708,000","1,799,832,000","1,463,410,000","1,267,955,000","906,213,000","768,892,000","686,243,000","635,508,000","264,165,000","111,000,000","111,000,000","122,300,000","43,500,000","20,400,000","14,500,000","10,100,000","3,800,000",
76,TotalDebt,"927,698,000","1,003,119,000","1,119,205,000","866,783,000","598,437,000","855,000,000","985,500,000","692,500,000","698,750,000","502,500,000","398,750,000",,,"50,000,000","120,000,000",,,,,,"24,416,000","50,000,000","55,700,000","23,300,000","25,800,000","13,800,000","6,900,000","2,500,000","4,400,000",
77,NetDebt,"676,569,000","792,355,000","874,176,000","823,955,000","563,285,000","741,654,000","942,488,000","442,991,000","588,027,000","478,554,000","371,138,000",,,"32,566,000","106,615,000",,,,,,,"41,200,000","46,700,000",,"22,300,000","11,300,000","3,500,000",,"2,300,000",
78,ShareIssued,"271,028,688","269,372,257","267,315,526","266,259,083","191,525,872","190,374,801","189,262,876","186,487,246","184,059,900","183,295,350","181,537,568","180,828,773","180,195,891","153,942,800","156,542,512","172,441,178","168,512,745","161,953,200","160,140,252","153,912,000","74,354,552","65,352,000","63,342,000","61,934,000","39,552,000","25,560,000","21,080,000","19,080,000","11,616,000",
79,OrdinarySharesNumber,"187,626,366","192,035,870","213,614,430","222,456,472","148,133,255","147,167,561","146,444,291","144,219,189","145,913,162","155,807,779","154,193,754","153,610,785","153,098,601","153,942,800","156,542,512","172,441,178","168,512,745","161,953,200","160,140,252","153,912,000","74,354,552","65,352,000","63,342,000","61,934,000","39,552,000","25,560,000","21,080,000","19,080,000","11,616,000",
80,TreasurySharesNumber,"83,402,322","77,336,387","53,701,096","43,802,611","43,392,617","43,207,240","42,818,585","42,268,057","38,146,738","27,487,571","27,343,814","27,217,988","27,097,290",,,,,,,,,,,,,,,,,
0,TotalRevenue,"1,124,249,000","2,470,685,000","3,326,997,000","2,356,684,000","915,866,000","1,891,277,000","3,182,291,000","2,716,034,000","2,723,414,000","2,565,943,000","1,462,931,000","781,946,000","2,209,126,000","2,114,194,000","2,546,586,000","1,740,455,000","1,000,769,000","776,170,000","527,957,000","989,975,000","307,901,000","151,500,000","186,600,000","190,800,000","83,700,000","46,500,000","35,100,000","24,700,000","22,200,000","919,251,000"
1,	OperatingRevenue,"1,078,593,000","2,365,830,000","3,213,163,000","2,285,924,000","897,733,000","1,891,277,000","3,182,291,000","2,716,034,000","2,723,414,000","2,565,943,000","1,462,931,000","781,946,000","2,209,126,000","2,114,194,000","2,546,586,000","1,740,455,000","1,000,769,000","776,170,000","527,957,000","989,975,000","307,901,000","151,500,000","186,600,000","190,800,000","83,700,000","46,500,000","35,100,000","24,700,000","22,200,000","880,647,000"
2,CostOfRevenue,"1,472,833,000","2,777,570,000","3,318,805,000","2,500,881,000","1,317,210,000","2,097,128,000","2,834,801,000","2,323,375,000","2,194,286,000","1,543,791,000","897,798,000","476,497,000","1,310,590,000","1,188,039,000","1,243,502,000","939,365,000","678,911,000","567,640,000","398,765,000","592,893,000","221,651,000","126,200,000","146,500,000","131,300,000","62,600,000","35,000,000","27,200,000","18,200,000","17,700,000","1,295,041,000"
3,GrossProfit,"-348,584,000","-306,885,000","8,192,000","-144,197,000","-401,344,000","-205,851,000","347,490,000","392,659,000","529,128,000","1,022,152,000","565,133,000","305,449,000","898,536,000","926,155,000","1,303,084,000","801,090,000","321,858,000","208,530,000","129,192,000","397,082,000","86,250,000","25,300,000","40,100,000","59,500,000","21,100,000","11,500,000","7,900,000","6,500,000","4,500,000","-375,790,000"
4,OperatingExpense,"110,276,000","150,795,000","145,460,000","105,847,000","69,205,000","87,173,000","80,145,000","73,852,000","65,573,000","501,550,000","386,535,000","353,663,000","347,042,000","255,879,000","263,920,000","219,794,000","150,644,000","123,792,000","121,094,000","116,765,000","44,527,000","35,500,000","37,400,000","26,100,000","16,400,000","9,200,000","6,000,000","4,900,000","4,100,000","101,904,000"
5,	SellingGeneralAndAdministration,"97,611,000","130,042,000","146,755,000","105,847,000","69,205,000","87,173,000","80,145,000","73,852,000","64,473,000","64,271,000","53,042,000","56,621,000","68,190,000","64,623,000","55,065,000","39,110,000","32,904,000","27,968,000","29,878,000","30,606,000","11,394,000","7,300,000","9,300,000","8,600,000","6,400,000","3,900,000","3,100,000","2,600,000","2,300,000","89,493,000"
6,		GeneralAndAdministrativeExpense,"97,611,000","130,042,000","146,755,000","105,847,000","69,205,000","87,173,000","80,145,000","73,852,000","64,473,000",,,,,,,,,,,,,,,,,,,,,"89,493,000"
7,			OtherGandA,"97,611,000","130,042,000","146,755,000","105,847,000","69,205,000","87,173,000","80,145,000","73,852,000","64,473,000",,,,,,,,,,,,,,,,,,,,,"89,493,000"
8,	ResearchAndDevelopment,,"3,840,000","3,444,000",,,,,,,,,,,,,,,,,,,,,,,,,,,
9,	DepreciationAmortizationDepletionIncomeStatement,,,,,,,,,,"437,279,000","333,493,000","289,847,000","268,431,000","249,206,000","196,370,000","156,393,000","119,395,000","97,998,000","91,216,000","86,159,000","33,133,000","28,200,000","28,100,000","17,500,000","10,000,000","5,300,000","2,900,000","2,300,000","1,800,000",
10,		DepreciationAndAmortizationInIncomeStatement,,,,,,,,,,,,,,"249,206,000","196,370,000","156,393,000","119,395,000","97,998,000","91,216,000","86,159,000","33,133,000","28,200,000","28,100,000","17,500,000","10,000,000","5,300,000","2,900,000","2,300,000","1,800,000",
11,	ProvisionForDoubtfulAccounts,"5,606,000","5,683,000",,,,,0,0,"1,100,000",,"-2,000,000",,,,,,,,,,,,,,,,,,,
12,	OtherOperatingExpenses,"7,059,000","11,230,000","-4,739,000","-31,957,000","-14,323,000",,,,,,"-20,327,000","7,195,000","10,421,000","-57,950,000","12,485,000","24,291,000","-1,655,000","-2,174,000",,,,,,,,,,,,"7,076,000"
13,OperatingIncome,"-458,860,000","-457,680,000","-137,268,000","-250,044,000","-470,549,000","-293,024,000","267,345,000","318,807,000","463,555,000","520,602,000","178,598,000","-48,214,000","551,494,000","670,276,000","1,039,164,000","581,296,000","171,214,000","84,738,000","8,098,000","280,317,000","41,723,000","-10,200,000","2,700,000","33,400,000","4,700,000","2,300,000","1,900,000","1,600,000","400,000","-477,694,000"
14,NetNonOperatingInterestIncomeExpense,"-39,516,000","-69,191,000","-45,981,000","-35,606,000","-40,039,000","-35,511,000","-28,846,000","-27,441,000","-22,196,000","-15,465,000","-11,098,000","-3,767,000","916,000",,,,,,,,,,,,,,,,,"-38,819,000"
15,	InterestIncomeNonOperating,"1,254,000","6,013,000","5,597,000","1,866,000","327,000","964,000","979,000","918,000","554,000","187,000","1,674,000","381,000","1,555,000",,,,,,,,,,,,,,,,,"736,000"
16,	InterestExpenseNonOperating,"40,770,000","75,204,000","51,578,000","37,472,000","40,366,000","36,475,000","29,825,000","28,359,000","22,750,000","15,652,000","12,772,000","4,148,000","639,000",,,,,,,,,,,,,,,,,"39,555,000"
17,OtherIncomeExpense,"-432,642,000","-3,507,000","-184,159,000","-42,151,000","14,392,000","-113,914,000","15,784,000","5,075,000","34,314,000","5,581,000","23,254,000","426,000","-9,462,000","58,313,000","-12,138,000","-23,863,000","1,890,000","4,769,000","-4,837,000","-12,760,000","274,000","300,000","1,600,000","2,800,000","-1,100,000","600,000","700,000","300,000","900,000","-36,996,000"
18,	SpecialIncomeCharges,"-433,398,000","-3,896,000","-184,909,000","-42,494,000","14,323,000","-113,948,000","15,781,000","3,384,000","33,806,000","5,581,000","23,254,000","426,000","-9,462,000","58,313,000","-12,138,000","-23,863,000","1,890,000","4,769,000","-4,837,000","-12,760,000","274,000","300,000","1,600,000","2,800,000","-1,100,000","600,000","700,000","300,000","900,000","-37,681,000"
19,		RestructuringAndMergernAcquisition,"38,338,000",0,"2,738,000","74,451,000",,,,,0,0,"2,485,000",,,,,,,"-2,452,000","4,700,000","13,145,000",,,,,,,,,,
20,		ImpairmentOfCapitalAssets,"395,060,000","17,800,000","211,129,000",0,0,"124,561,000",,,,,,,"9,964,000",,,,,,,,,,,,,,,,,0
21,		WriteOff,"5,606,000",,,,,,,,,,,,,,,,,,,,,,,,,,,,,
22,		OtherSpecialCharges,,"-3,471,000","12,684,000","1,553,000","448,000",,,,,"-5,581,000","-25,739,000",,"-502,000",,,,,"-2,317,000","137,000","-385,000",,,,,,,,,,
23,		GainOnSaleOfPPE,,"13,904,000","28,958,000","33,510,000","14,771,000","10,613,000","15,781,000","3,384,000","33,806,000",,,,,,,,,,,,,,,,,,,,,
24,	OtherNonOperatingIncomeExpenses,"756,000","389,000","750,000","343,000","69,000","34,000","3,000","1,691,000","508,000",,,,,,,,,,,,,,,,,,,,,"685,000"
25,PretaxIncome,"-931,018,000","-530,378,000","-367,408,000","-327,801,000","-496,196,000","-442,449,000","254,283,000","296,441,000","475,673,000","510,718,000","190,754,000","-51,555,000","542,948,000","670,807,000","1,043,834,000","584,759,000","171,894,000","88,157,000","3,839,000","266,495,000","37,998,000","-13,400,000","-200,000","35,000,000","2,000,000","1,800,000","2,300,000","1,700,000","1,000,000","-553,509,000"
26,TaxProvision,"-127,326,000","-104,675,000","-45,987,000","-333,711,000","-177,562,000","-147,963,000","91,619,000","108,432,000","176,196,000","187,938,000","72,856,000","-17,595,000","195,879,000","232,168,000","371,267,000","212,019,000","63,161,000","32,362,000","1,670,000","102,333,000","14,244,000","-4,300,000","100,000","12,800,000","-2,300,000","-100,000","-200,000","100,000","400,000","-78,126,000"
27,NetIncomeCommonStockholders,"-803,692,000","-425,703,000","-321,421,000","5,740,000","-318,634,000","-291,464,000","161,001,000","186,150,000","296,945,000","322,413,000","116,942,000","-38,290,000","347,069,000","438,639,000","673,254,000","372,740,000","108,733,000","55,326,000","2,169,000","164,162,000","23,754,000","-9,100,000","-300,000","22,200,000","4,300,000","1,900,000","2,500,000","1,600,000","100,000","-475,383,000"
28,	NetIncome,"-803,692,000","-425,703,000","-321,421,000","5,910,000","-318,634,000","-294,486,000","162,664,000","188,009,000","299,477,000","322,413,000","116,942,000","-38,290,000","347,069,000","438,639,000","673,254,000","372,740,000","108,733,000","55,326,000","2,169,000","164,162,000","23,754,000","-9,100,000","-300,000","22,200,000","4,300,000","1,900,000","2,500,000","1,600,000","100,000","-475,383,000"
29,		NetIncomeIncludingNoncontrollingInterests,"-803,692,000","-425,703,000","-321,421,000","5,910,000","-318,634,000","-294,486,000","162,664,000","188,009,000","299,477,000","322,413,000","116,942,000","-38,290,000","347,069,000","438,639,000","673,254,000","372,740,000","108,733,000","55,326,000","2,169,000","164,162,000","23,754,000","-9,100,000","-300,000","22,200,000","4,300,000","1,900,000","2,500,000","1,600,000","100,000","-475,383,000"
30,			NetIncomeContinuousOperations,"-803,692,000","-425,703,000","-321,421,000","5,910,000","-318,634,000","-294,486,000","162,664,000","188,009,000","299,477,000","322,780,000","117,898,000","-33,960,000","347,069,000","438,639,000","672,567,000","372,740,000","108,733,000","55,795,000","2,169,000","164,162,000","23,754,000","-9,100,000","-300,000","22,200,000","4,300,000","1,900,000","2,500,000","1,600,000","600,000","-475,383,000"
31,			NetIncomeDiscontinuousOperations,,,,,,,,0,0,"-367,000","-956,000","-4,330,000",,,,,,,,,,,,,,,,,,
32,			NetIncomeExtraordinary,,,,,,,,,,,,,0,,"687,000",,,"-469,000",,,,,,,,,,,,
33,			NetIncomeFromTaxLossCarryforward,,,,,,,,,,,,,,,,,,,,,,,,,,,,,"-500,000",
34,	OtherunderPreferredStockDividend,,0,0,"170,000",0,"-3,022,000","1,663,000","1,859,000","2,532,000",,,,,,,,,,,,,,,,,,,,,
35,AverageDilutionEarnings,,,,,,,,0,,,,,,,,,,,,,,,,,,,,,,
36,DilutedNIAvailtoComStockholders,"-803,692,000","-425,703,000","-321,421,000","5,740,000","-318,634,000","-291,464,000","161,001,000","186,150,000","296,945,000","322,413,000","116,942,000","-38,290,000","347,069,000","438,639,000","673,254,000","372,740,000","108,733,000","55,326,000","2,169,000","164,162,000","23,754,000","-9,100,000","-300,000","22,200,000","4,300,000","1,900,000","2,500,000","1,600,000","100,000","-475,383,000"
37,BasicEPS,-4.27,-2.1,-1.47,0.03,-2.18,-2,1.12,1.29,1.96,2.08,0.76,-0.25,2.26,2.83,4.08,2.19,0.65,0.34,0.015,1.075,0.345,-0.14,-0.005,0.39,0.108,0.09,0.155,0.065,0.005,
38,DilutedEPS,-4.27,-2.1,-1.47,0.03,-2.18,-2,1.11,1.28,1.96,2.06,0.76,-0.25,2.24,2.79,4.02,2.15,0.64,0.335,0.015,1.035,0.33,-0.14,-0.005,0.375,0.106,0.09,0.155,0.065,0.005,
39,BasicAverageShares,"188,013,000","203,039,000","218,643,000","198,447,000","146,178,000","145,416,000","144,066,000","144,356,000","151,144,000","153,871,000","152,772,000","152,069,000","153,379,000","154,755,000","165,159,000","170,426,000","166,258,000","161,272,000","157,410,000","152,814,000","68,694,000","64,998,000","63,290,000","56,984,000","39,621,616","21,111,111","16,129,032","24,615,385","11,616,000",
40,DilutedAverageShares,"188,013,000","203,039,000","218,643,000","199,882,000","146,178,000","145,416,000","145,376,000","145,303,000","151,699,000","155,304,000","153,276,000","152,069,000","154,717,000","156,997,000","167,413,000","173,767,000","169,211,000","164,572,000","162,504,000","158,394,000","71,506,000","64,998,000","63,290,000","59,010,000","40,171,328","21,111,111","16,129,032","24,615,385","11,616,000",
41,TotalOperatingIncomeAsReported,"-892,258,000","-461,576,000","-322,177,000","-292,538,000","-456,226,000","-406,972,000","283,126,000","322,191,000","497,361,000","525,601,000","200,925,000","-48,214,000","541,530,000","670,276,000","1,039,164,000","581,296,000","171,214,000","87,190,000","3,398,000","267,172,000","41,723,000","-10,200,000","2,700,000","33,400,000","4,700,000","2,300,000","1,900,000","1,600,000","400,000","-515,375,000"
42,TotalExpenses,"1,583,109,000","2,928,365,000","3,464,265,000","2,606,728,000","1,386,415,000","2,184,301,000","2,914,946,000","2,397,227,000","2,259,859,000","2,045,341,000","1,284,333,000","830,160,000","1,657,632,000","1,443,918,000","1,507,422,000","1,159,159,000","829,555,000","691,432,000","519,859,000","709,658,000","266,178,000","161,700,000","183,900,000","157,400,000","79,000,000","44,200,000","33,200,000","23,100,000","21,800,000","1,396,945,000"
43,NetIncomeFromContinuingAndDiscontinuedOperation,"-803,692,000","-425,703,000","-321,421,000","5,910,000","-318,634,000","-294,486,000","162,664,000","188,009,000","299,477,000","322,413,000","116,942,000","-38,290,000","347,069,000","438,639,000","672,567,000","372,740,000","108,733,000","55,795,000","2,169,000","164,162,000","23,754,000","-9,100,000","-300,000","22,200,000","4,300,000","1,900,000","2,500,000","1,600,000","600,000","-475,383,000"
44,NormalizedIncome,"-429,669,526","-422,574,512","-159,625,625","31,406,400","-327,829,366","-218,596,632","152,564,160","185,863,544","278,179,220","319,252,808","103,525,561.718","-34,240,612.162","353,117,400.359","400,508,276.846","680,387,801.244","387,950,872.547","107,537,464.554","52,776,676.384","5,071,200","172,022,211.711","23,582,712.143","-9,303,731.343","-1,260,000","20,424,000","4,960,000","1,540,000","2,080,000","1,317,647.059","60,000","-443,020,550.929"
45,InterestIncome,"1,254,000","6,013,000","5,597,000","1,866,000","327,000","964,000","979,000","918,000","554,000","187,000","1,674,000","381,000","1,555,000",,,,,,,,,,,,,,,,,"736,000"
46,InterestExpense,"40,770,000","75,204,000","51,578,000","37,472,000","40,366,000","36,475,000","29,825,000","28,359,000","22,750,000","15,652,000","12,772,000","4,148,000","639,000",,,,,,,,,,,,,,,,,"39,555,000"
47,NetInterestIncome,"-39,516,000","-69,191,000","-45,981,000","-35,606,000","-40,039,000","-35,511,000","-28,846,000","-27,441,000","-22,196,000","-15,465,000","-11,098,000","-3,767,000","916,000",,,,,,,,,,,,,,,,,"-38,819,000"
48,EBIT,"-890,248,000","-455,174,000","-315,830,000","-290,329,000","-455,830,000","-405,974,000","284,108,000","324,800,000","498,423,000","526,370,000","203,526,000","-47,407,000","543,587,000","670,276,000","1,039,164,000","581,296,000","171,214,000","84,738,000","8,098,000","280,317,000","41,723,000","-10,200,000","2,700,000","33,400,000","4,700,000","2,300,000","1,900,000","1,600,000","400,000","-513,954,000"
49,EBITDA,,,,,,,,,,,,,,,,,,,,,,,,,,,,,,"123,041,000"
50,ReconciledCostOfRevenue,"1,472,833,000","2,777,570,000","3,318,805,000","2,500,881,000","1,317,210,000","2,097,128,000","2,834,801,000","2,323,375,000","2,194,286,000","1,543,791,000","897,798,000","476,497,000","1,310,590,000","1,188,039,000","1,243,502,000","936,540,000","677,689,000","567,640,000","398,765,000","592,893,000","221,651,000","126,200,000","146,500,000","131,300,000","62,600,000","35,000,000","27,200,000","18,200,000","17,700,000","1,295,041,000"
51,ReconciledDepreciation,"670,910,000","1,003,873,000","916,318,000","783,341,000","668,434,000","864,759,000","718,730,000","597,469,000","526,614,000","437,279,000","333,493,000","289,847,000","268,431,000","249,206,000","196,370,000","159,218,000","120,617,000","97,998,000","91,216,000","86,159,000","33,133,000","28,200,000","28,100,000","17,500,000","10,000,000","5,300,000","2,900,000","2,300,000","1,800,000","636,995,000"
52,NetIncomeFromContinuingOperationNetMinorityInterest,"-803,692,000","-425,703,000","-321,421,000","5,910,000","-318,634,000","-294,486,000","162,664,000","188,009,000","299,477,000","322,780,000","117,898,000","-33,960,000","347,069,000","438,639,000","672,567,000","372,740,000","108,733,000","55,795,000","2,169,000","164,162,000","23,754,000","-9,100,000","-300,000","22,200,000","4,300,000","1,900,000","2,500,000","1,600,000","600,000","-475,383,000"
53,TotalUnusualItemsExcludingGoodwill,"-433,398,000","-3,896,000","-184,909,000","-42,494,000","14,323,000","-113,948,000","15,781,000","3,384,000","33,806,000","5,581,000","23,254,000","426,000","-9,462,000","58,313,000","-12,138,000","-23,863,000","1,890,000","4,769,000","-4,837,000","-12,760,000","274,000","300,000","1,600,000","2,800,000","-1,100,000","600,000","700,000","300,000","900,000","-37,681,000"
54,TotalUnusualItems,"-433,398,000","-3,896,000","-184,909,000","-42,494,000","14,323,000","-113,948,000","15,781,000","3,384,000","33,806,000","5,581,000","23,254,000","426,000","-9,462,000","58,313,000","-12,138,000","-23,863,000","1,890,000","4,769,000","-4,837,000","-12,760,000","274,000","300,000","1,600,000","2,800,000","-1,100,000","600,000","700,000","300,000","900,000","-37,681,000"
55,NormalizedEBITDA,"214,060,000","552,595,000","785,397,000","535,506,000","198,281,000","572,733,000","987,057,000","918,885,000","991,231,000","958,068,000","513,765,000","242,014,000","821,480,000","861,169,000","1,247,672,000","764,377,000","289,941,000","177,967,000","104,151,000","379,236,000","74,582,000","17,700,000","29,200,000","48,100,000","15,800,000","7,000,000","4,100,000","3,600,000","1,300,000","160,722,000"
56,TaxRateForCalcs,0.137,0.197,0.125,0.4,0.358,0.334,0.36,0.366,0.37,0.368,0.382,0.341,0.361,0.346,0.356,0.363,0.367,0.367,0.4,0.384,0.375,0.321,0.4,0.366,0.4,0.4,0.4,0.059,0.4,0.141
57,TaxEffectOfUnusualItems,"-59,375,526","-767,512","-23,113,625","-16,997,600","5,127,634","-38,058,632","5,681,160","1,238,544","12,508,220","2,053,808","8,881,561.718","145,387.838","-3,413,599.641","20,182,276.846","-4,317,198.756","-8,652,127.453","694,464.554","1,750,676.384","-1,934,800","-4,899,788.289","102,712.143","96,268.657","640,000","1,024,000","-440,000","240,000","280,000","17,647.059","360,000","-5,318,550.929"
