name,ttm,12/31/2020,12/31/2019,12/31/2018,12/31/2017,12/31/2016,12/31/2015,12/31/2014,12/31/2013,12/31/2012,12/31/2011,12/31/2010,12/31/2009,12/31/2008,12/31/2007,12/31/2006,12/31/2005,12/31/2004,12/31/2003,12/31/2002,12/31/2001
TotalRevenue,"2,230,000,000","2,160,000,000","4,043,000,000","3,931,000,000","5,076,000,000","5,599,000,000","5,536,000,000","5,281,000,000","5,009,000,000","4,534,000,000","4,254,000,000","3,851,000,000","3,750,000,000","4,281,000,000","4,360,000,000","3,842,000,000","3,335,000,000","3,014,000,000","2,652,000,000","2,241,000,000","1,556,000,000"
	OperatingRevenue,"2,185,000,000","2,111,000,000","3,969,000,000","3,871,000,000","4,742,000,000","5,275,000,000","5,224,000,000","4,975,000,000","4,733,000,000","4,332,000,000","4,254,000,000","3,851,000,000","3,750,000,000","4,281,000,000","4,360,000,000","3,842,000,000","3,335,000,000","3,014,000,000","2,652,000,000","2,241,000,000","1,556,000,000"
CostOfRevenue,"1,176,000,000","1,233,000,000","1,940,000,000","1,913,000,000","2,418,000,000","2,732,000,000","2,700,000,000","2,504,000,000","2,394,000,000","2,093,000,000","2,025,000,000","1,876,000,000","1,823,000,000","2,031,000,000","2,118,000,000","1,791,000,000","1,540,000,000",,,,
GrossProfit,"1,054,000,000","927,000,000","2,103,000,000","2,018,000,000","2,658,000,000","2,867,000,000","2,836,000,000","2,777,000,000","2,615,000,000","2,441,000,000","2,229,000,000","1,975,000,000","1,927,000,000","2,250,000,000","2,242,000,000","2,051,000,000","1,795,000,000",,,,
OperatingExpense,"787,000,000","853,000,000","1,278,000,000","1,260,000,000","1,634,000,000","1,795,000,000","1,808,000,000","1,790,000,000","1,687,000,000","1,574,000,000","1,399,000,000","1,244,000,000","1,271,000,000","1,575,000,000","1,516,000,000","1,474,000,000","1,175,000,000",,,,
	SellingGeneralAndAdministration,"661,000,000","727,000,000","1,157,000,000","1,122,000,000","1,421,000,000","1,543,000,000","1,574,000,000","1,557,000,000","1,471,000,000","1,389,000,000","1,221,000,000","1,071,000,000","1,093,000,000","1,391,000,000","1,350,000,000","1,227,000,000","1,180,000,000",,,,
		GeneralAndAdministrativeExpense,"394,000,000","398,000,000","491,000,000","513,000,000","648,000,000","714,000,000","761,000,000","755,000,000","720,000,000","666,000,000","593,000,000","540,000,000","533,000,000","561,000,000",,,,,,,
			OtherGandA,"394,000,000","398,000,000","491,000,000","513,000,000","648,000,000","714,000,000","761,000,000","755,000,000","720,000,000","666,000,000","593,000,000","540,000,000","533,000,000","561,000,000",,,,,,,
		SellingAndMarketingExpense,"267,000,000","329,000,000","666,000,000","609,000,000","773,000,000","829,000,000","813,000,000","802,000,000","751,000,000","723,000,000","628,000,000","531,000,000","560,000,000","830,000,000",,,,,,,
	DepreciationAmortizationDepletionIncomeStatement,"126,000,000","126,000,000","121,000,000","138,000,000","213,000,000","252,000,000","234,000,000","233,000,000","216,000,000","185,000,000","178,000,000","173,000,000","178,000,000","184,000,000","166,000,000","148,000,000","131,000,000",,,,
		DepreciationAndAmortizationInIncomeStatement,"126,000,000","126,000,000","121,000,000","138,000,000","213,000,000","252,000,000","234,000,000","233,000,000","216,000,000","185,000,000","178,000,000","173,000,000","178,000,000","184,000,000","166,000,000","148,000,000","131,000,000",,,,
	OtherOperatingExpenses,,,,,,,,,,,,,,,,"99,000,000","-136,000,000",,,,
OperatingIncome,"267,000,000","74,000,000","825,000,000","758,000,000","1,024,000,000","1,072,000,000","1,028,000,000","987,000,000","928,000,000","867,000,000","830,000,000","731,000,000","656,000,000","675,000,000","726,000,000","577,000,000","620,000,000","3,014,000,000","2,652,000,000","2,241,000,000","1,556,000,000"
NetNonOperatingInterestIncomeExpense,"-198,000,000","-185,000,000","-155,000,000","-165,000,000","-149,000,000","-128,000,000","-116,000,000","-103,000,000","-122,000,000","-124,000,000","-128,000,000","-162,000,000","-107,000,000","-68,000,000",,,,,,,
	InterestIncomeNonOperating,"6,000,000","7,000,000","7,000,000","5,000,000","7,000,000","8,000,000","9,000,000","10,000,000","9,000,000","8,000,000","24,000,000","5,000,000","7,000,000","12,000,000",,,,,,,
	InterestExpenseNonOperating,"204,000,000","192,000,000","162,000,000","170,000,000","156,000,000","136,000,000","125,000,000","113,000,000","131,000,000","132,000,000","152,000,000","167,000,000","114,000,000","80,000,000",,,,,,,
OtherIncomeExpense,,"-165,000,000","10,000,000","-197,000,000","-285,000,000","-4,000,000","4,000,000","-39,000,000","-123,000,000","-115,000,000","-52,000,000","-6,000,000","-56,000,000","-1,494,000,000","-9,000,000","-99,000,000","136,000,000",,"5,000,000",,
	SpecialIncomeCharges,"-144,000,000","-179,000,000","-13,000,000","-235,000,000","-312,000,000","-26,000,000","-13,000,000","-46,000,000","-129,000,000","-123,000,000","-52,000,000","-6,000,000","-56,000,000","-1,494,000,000","-9,000,000","-99,000,000","136,000,000","0","0",,
		RestructuringAndMergernAcquisition,"36,000,000","39,000,000","54,000,000","239,000,000","66,000,000","15,000,000","6,000,000","11,000,000","10,000,000","7,000,000","6,000,000","9,000,000","47,000,000","79,000,000","16,000,000",,,,,,
		ImpairmentOfCapitalAssets,,,,,,,,,"8,000,000",,"57,000,000","4,000,000","15,000,000","1,426,000,000",,,,,,,
		WriteOff,"42,000,000","52,000,000","27,000,000","-4,000,000","246,000,000",,,,"8,000,000","8,000,000",,,,,,,,,,,
		OtherSpecialCharges,"66,000,000","88,000,000",,,,"11,000,000",,,"111,000,000","108,000,000","-11,000,000","-7,000,000","-6,000,000","-11,000,000","-7,000,000",,,,,,
		GainOnSaleOfBusiness,,"0","68,000,000","-223,000,000","-51,000,000",,,,,,,,,,,,,,,,
		GainOnSaleOfPPE,,,,,,"0","-7,000,000","-35,000,000",,,,,,,,,,,,,
	OtherNonOperatingIncomeExpenses,,"14,000,000","23,000,000","38,000,000","27,000,000","22,000,000","17,000,000","7,000,000","6,000,000","8,000,000",,,,,,,,,,,
PretaxIncome,"-63,000,000","-276,000,000","680,000,000","396,000,000","590,000,000","940,000,000","916,000,000","845,000,000","683,000,000","628,000,000","650,000,000","563,000,000","493,000,000","-887,000,000","655,000,000","542,000,000","626,000,000","587,000,000","500,000,000","510,000,000","343,000,000"
TaxProvision,"27,000,000","-23,000,000","191,000,000","130,000,000","-229,000,000","328,000,000","304,000,000","316,000,000","250,000,000","229,000,000","233,000,000","184,000,000","200,000,000","187,000,000","252,000,000","190,000,000","195,000,000","234,000,000","186,000,000","189,000,000",
NetIncomeCommonStockholders,"-92,000,000","-255,000,000","507,000,000","672,000,000","871,000,000","611,000,000","612,000,000","529,000,000","432,000,000","400,000,000","417,000,000","379,000,000","293,000,000","-1,074,000,000","403,000,000","287,000,000","431,000,000","349,000,000","299,000,000","308,000,000","302,000,000"
	NetIncome,"-92,000,000","-255,000,000","507,000,000","672,000,000","871,000,000","611,000,000","612,000,000","529,000,000","432,000,000","400,000,000","417,000,000","379,000,000","293,000,000","-1,074,000,000","403,000,000","287,000,000","431,000,000","349,000,000","299,000,000","308,000,000","302,000,000"
		NetIncomeIncludingNoncontrollingInterests,"-92,000,000","-255,000,000","507,000,000","672,000,000","872,000,000","612,000,000","612,000,000","529,000,000","433,000,000","399,000,000","417,000,000","379,000,000","293,000,000","-1,074,000,000","403,000,000","287,000,000","431,000,000","349,000,000","299,000,000","321,000,000","302,000,000"
			NetIncomeContinuousOperations,"-90,000,000","-253,000,000","489,000,000","266,000,000","819,000,000","612,000,000","612,000,000","529,000,000","433,000,000","399,000,000","417,000,000","379,000,000","293,000,000","-1,074,000,000","403,000,000","352,000,000","431,000,000","349,000,000","299,000,000","308,000,000","302,000,000"
			NetIncomeDiscontinuousOperations,,"-2,000,000","18,000,000","406,000,000","53,000,000",,,,,,,,,,,,,,,,
			NetIncomeExtraordinary,,,,,,,,,,,,,,"0",,"-65,000,000",,"0","0","0",
		MinorityInterests,,,"0","0","-1,000,000","-1,000,000","0","0","-1,000,000","1,000,000",,,,,,,,,,"-13,000,000","0"
DilutedNIAvailtoComStockholders,"-92,000,000","-255,000,000","507,000,000","672,000,000","871,000,000","611,000,000","612,000,000","529,000,000","432,000,000","400,000,000","417,000,000","379,000,000","293,000,000","-1,074,000,000","403,000,000","287,000,000","431,000,000","349,000,000","299,000,000","308,000,000","302,000,000"
BasicEPS,,"-2.97","5.5","6.8","8.46","5.56","5.18","4.22","3.25","2.8","2.57","2.13","1.64","-6.05","2.22","1.45","1.64","1.74","1.49","1.54","1.495"
DilutedEPS,,"-2.97","5.48","6.77","8.4","5.53","5.14","4.18","3.21","2.75","2.51","2.05","1.61","-6.05","2.2","1.44","1.61","1.74","1.49","1.54","1.495"
BasicAverageShares,,"86,100,000","92,100,000","98,900,000","103,000,000","110,000,000","118,000,000","125,000,000","133,000,000","143,000,000","162,000,000","178,000,000","179,000,000","178,000,000","181,531,532","197,931,034","208,000,000","200,574,713","200,671,141","200,000,000","201,960,784"
DilutedAverageShares,,"86,100,000","92,400,000","99,200,000","104,000,000","111,000,000","119,000,000","127,000,000","135,000,000","145,000,000","166,000,000","185,000,000","182,000,000","178,000,000","183,181,818","199,305,556","212,000,000","200,574,713","200,671,141","200,000,000","201,960,784"
TotalOperatingIncomeAsReported,"123,000,000","-105,000,000","812,000,000","523,000,000","712,000,000","1,057,000,000","1,015,000,000","941,000,000","910,000,000","852,000,000","767,000,000","718,000,000","594,000,000","-830,000,000","710,000,000","577,000,000","620,000,000","600,000,000","495,000,000","488,000,000","320,000,000"
TotalExpenses,"1,963,000,000","2,086,000,000","3,218,000,000","3,173,000,000","4,052,000,000","4,527,000,000","4,508,000,000","4,294,000,000","4,081,000,000","3,667,000,000","3,424,000,000","3,120,000,000","3,094,000,000","3,606,000,000","3,634,000,000","3,265,000,000","2,715,000,000",,,,
NetIncomeFromContinuingAndDiscontinuedOperation,"-92,000,000","-255,000,000","507,000,000","672,000,000","871,000,000","611,000,000","612,000,000","529,000,000","432,000,000","400,000,000","417,000,000","379,000,000","293,000,000","-1,074,000,000","403,000,000","352,000,000","431,000,000","349,000,000","299,000,000","308,000,000","302,000,000"
NormalizedIncome,"-3,600,000","-88,857,000","498,347,000","423,920,000","1,005,200,000","627,926,000","620,684,000","557,796,000","513,786,000","478,105,000","450,360,000","383,039,076.377","329,400,000","-102,900,000","408,537,404.58","416,295,202.952","337,364,217.252","349,000,000","299,000,000","308,000,000","302,000,000"
InterestIncome,"6,000,000","7,000,000","7,000,000","5,000,000","7,000,000","8,000,000","9,000,000","10,000,000","9,000,000","8,000,000","24,000,000","5,000,000","7,000,000","12,000,000",,"32,000,000","6,000,000",,,,
InterestExpense,"204,000,000","192,000,000","162,000,000","170,000,000","156,000,000","136,000,000","125,000,000","113,000,000","131,000,000","132,000,000","152,000,000","167,000,000","114,000,000","80,000,000",,"67,000,000",,,"6,000,000",,
NetInterestIncome,"-198,000,000","-185,000,000","-155,000,000","-165,000,000","-149,000,000","-128,000,000","-116,000,000","-103,000,000","-122,000,000","-124,000,000","-128,000,000","-162,000,000","-107,000,000","-68,000,000",,"-35,000,000","6,000,000",,,,
EBIT,"141,000,000","-84,000,000","842,000,000","566,000,000","746,000,000","1,076,000,000","1,041,000,000","958,000,000","814,000,000","760,000,000","802,000,000","730,000,000","607,000,000","-807,000,000","726,000,000","577,000,000","620,000,000","3,014,000,000","2,652,000,000","2,241,000,000","1,556,000,000"
EBITDA,"267,000,000"
ReconciledCostOfRevenue,"1,176,000,000","1,233,000,000","1,940,000,000","1,913,000,000","2,418,000,000","2,732,000,000","2,700,000,000","2,504,000,000","2,394,000,000","2,093,000,000","2,025,000,000","1,876,000,000","1,823,000,000","2,031,000,000","2,118,000,000","1,791,000,000","1,540,000,000",,,,
ReconciledDepreciation,"126,000,000","126,000,000","121,000,000","138,000,000","213,000,000","252,000,000","234,000,000","233,000,000","216,000,000","185,000,000","178,000,000","173,000,000","178,000,000","184,000,000","166,000,000","148,000,000","131,000,000",,,,
NetIncomeFromContinuingOperationNetMinorityInterest,"-90,000,000","-253,000,000","489,000,000","266,000,000","818,000,000","611,000,000","612,000,000","529,000,000","432,000,000","400,000,000","417,000,000","379,000,000","293,000,000","-1,074,000,000","403,000,000","352,000,000","431,000,000","349,000,000","299,000,000","308,000,000","302,000,000"
TotalUnusualItemsExcludingGoodwill,"-144,000,000","-179,000,000","-13,000,000","-235,000,000","-312,000,000","-26,000,000","-13,000,000","-46,000,000","-129,000,000","-123,000,000","-52,000,000","-6,000,000","-56,000,000","-1,494,000,000","-9,000,000","-99,000,000","136,000,000","0","0",,
TotalUnusualItems,"-144,000,000","-179,000,000","-13,000,000","-235,000,000","-312,000,000","-26,000,000","-13,000,000","-46,000,000","-129,000,000","-123,000,000","-52,000,000","-6,000,000","-56,000,000","-1,494,000,000","-9,000,000","-99,000,000","136,000,000","0","0",,
NormalizedEBITDA,"411,000,000","221,000,000","976,000,000","939,000,000","1,271,000,000","1,354,000,000","1,288,000,000","1,237,000,000","1,159,000,000","1,068,000,000","1,032,000,000","909,000,000","841,000,000","871,000,000","901,000,000","824,000,000","615,000,000","3,014,000,000","2,652,000,000","2,241,000,000","1,556,000,000"
TaxRateForCalcs,"0.4","0.083","0.281","0.328","0.4","0.349","0.332","0.374","0.366","0.365","0.358","0.327","0.35","0.35","0.385","0.351","0.312","0.399","0.372","0.371","0.4"
TaxEffectOfUnusualItems,"-57,600,000","-14,857,000","-3,653,000","-77,080,000","-124,800,000","-9,074,000","-4,316,000","-17,204,000","-47,214,000","-44,895,000","-18,640,000","-1,960,923.623","-19,600,000","-522,900,000","-3,462,595.42","-34,704,797.048","42,364,217.252","0","0","0","0"