name,12/31/2020,12/31/2019,12/31/2018,12/31/2017,12/31/2016,12/31/2015,12/31/2014,12/31/2013,12/31/2012,12/31/2011,12/31/2010,12/31/2009,12/31/2008,12/31/2007,12/31/2006,12/31/2005,12/31/2004,12/31/2003,12/31/2002,12/31/2001,12/31/2000,12/31/1999,12/31/1998,12/31/1997,12/31/1996,12/31/1995,12/31/1994,12/31/1993,12/31/1992,12/31/1991,12/31/1990,12/31/1989,12/31/1988,12/31/1987,12/31/1986
TotalRevenue,"4,642,100,000","4,609,800,000","4,727,800,000","2,878,600,000","3,282,400,000","3,276,500,000","4,037,700,000","3,874,800,000","3,748,300,000","3,377,900,000","3,116,300,000","2,826,200,000","3,115,300,000","2,632,900,000","2,347,000,000","2,150,200,000","2,051,200,000","1,921,400,000","1,852,900,000","1,943,000,000","3,925,500,000","4,110,600,000","4,378,400,000","4,312,600,000","5,080,600,000","4,509,800,000","4,010,800,000","3,753,900,000","3,973,700,000","3,899,400,000","3,722,200,000","3,414,500,000","3,286,900,000","3,139,100,000","3,002,700,000"
"	OperatingRevenue","4,642,100,000","4,609,800,000","4,727,800,000","2,878,600,000","3,282,400,000","3,276,500,000","4,037,700,000","3,874,800,000","3,748,300,000","3,377,900,000","3,116,300,000","2,826,200,000","3,115,300,000","2,632,900,000","2,347,000,000","2,150,200,000","2,051,200,000","1,921,400,000","1,852,900,000","1,943,000,000","3,925,500,000","4,110,600,000","4,378,400,000","4,312,600,000","5,080,600,000","4,509,800,000","4,010,800,000","3,753,900,000","3,973,700,000","3,899,400,000","3,722,200,000","3,414,500,000","3,286,900,000","3,139,100,000","3,002,700,000"
CostOfRevenue,"2,590,100,000","2,526,200,000","2,640,900,000","1,777,300,000","2,082,600,000","2,201,100,000","2,662,700,000","2,534,400,000","2,407,100,000","2,210,500,000","2,065,600,000","1,943,600,000","2,134,400,000","1,830,100,000","1,636,500,000","1,505,500,000","1,474,200,000","1,400,500,000","1,359,900,000","1,408,700,000","2,683,100,000","2,827,700,000","3,037,400,000","2,952,000,000","3,471,800,000","3,083,200,000","2,712,600,000","2,608,700,000","2,754,800,000","2,718,800,000","2,560,000,000","2,319,700,000","2,234,200,000","2,144,000,000","2,045,000,000"
GrossProfit,"2,052,000,000","2,083,600,000","2,086,900,000","1,101,300,000","1,199,800,000","1,075,400,000","1,375,000,000","1,340,400,000","1,341,200,000","1,167,400,000","1,050,700,000","882,600,000","980,900,000","802,800,000","710,500,000","644,700,000","577,000,000","520,900,000","493,000,000","534,300,000","1,242,400,000","1,282,900,000","1,341,000,000","1,360,600,000","1,608,800,000","1,426,600,000","1,298,200,000","1,145,200,000","1,218,900,000","1,180,600,000","1,162,200,000","1,094,800,000","1,052,700,000","995,100,000","957,700,000"
OperatingExpense,"1,042,500,000","1,199,700,000","1,164,600,000","776,700,000","707,800,000","903,300,000","793,200,000","639,700,000","650,700,000","547,700,000","511,700,000","415,100,000","430,600,000","409,900,000","381,800,000","364,800,000","348,200,000","324,300,000","306,100,000","666,200,000","865,900,000","908,500,000","977,000,000","1,037,700,000","1,136,300,000","1,066,700,000","983,500,000","1,087,600,000","912,000,000","855,900,000","855,000,000","793,800,000","771,600,000","726,200,000","708,900,000"
"	SellingGeneralAndAdministration","729,700,000","792,900,000","851,200,000","618,600,000","529,500,000","737,900,000","621,200,000","515,800,000","527,100,000","442,500,000","411,200,000","322,300,000","336,800,000","315,300,000","284,900,000","270,400,000","254,800,000","236,900,000","224,100,000","566,400,000","522,500,000","575,400,000","612,700,000","625,300,000","692,700,000","817,800,000","587,700,000","861,000,000","678,900,000","631,000,000","643,800,000","596,000,000","572,300,000","525,700,000","516,800,000"
"	ResearchAndDevelopment","287,900,000","298,100,000","291,500,000","141,500,000","141,500,000","143,700,000","128,300,000","117,700,000","117,800,000","105,200,000","100,500,000","92,800,000","93,800,000","94,600,000","96,900,000","94,400,000","93,400,000","87,400,000","82,000,000","99,800,000","154,500,000","152,400,000","157,700,000","174,000,000","189,400,000",,"166,800,000",,,,,,,,
"	DepreciationAmortizationDepletionIncomeStatement",,,,,,,,,,,,,"124,200,000",,,,,,,,"188,900,000","180,700,000","206,600,000","238,400,000","254,200,000","248,900,000","229,000,000","226,600,000","233,100,000","224,900,000","211,200,000","197,800,000","199,300,000","200,500,000","192,100,000"
"		DepreciationAndAmortizationInIncomeStatement",,,,,,,,,,,,,"124,200,000",,,,,,,,"188,900,000","180,700,000","206,600,000","238,400,000","254,200,000","248,900,000","229,000,000","226,600,000","233,100,000","224,900,000","211,200,000","197,800,000","199,300,000","200,500,000","192,100,000"
"	OtherOperatingExpenses","24,900,000","108,700,000","21,900,000","16,600,000","36,800,000","21,700,000","43,700,000","6,200,000","5,800,000",,,,"-124,200,000",,,,,,,,,,,,,,,,,,,,,,
OperatingIncome,"1,009,500,000","883,900,000","922,300,000","324,600,000","492,000,000","172,100,000","581,800,000","700,700,000","690,500,000","619,700,000","539,000,000","467,500,000","550,300,000","392,900,000","328,700,000","279,900,000","228,800,000","196,600,000","186,900,000","-131,900,000","376,500,000","374,400,000","364,000,000","322,900,000","472,500,000","359,900,000","314,700,000","57,600,000","306,900,000","324,700,000","307,200,000","301,000,000","281,100,000","268,900,000","248,800,000"
NetNonOperatingInterestIncomeExpense,"-151,200,000","-158,500,000","-133,100,000","-79,100,000","-82,700,000","-80,100,000","-59,500,000","-42,200,000","-45,300,000","-39,400,000","-39,300,000","-27,000,000","-31,900,000",,,,,,,,,,,,,,,,,,,,,,
"	InterestIncomeNonOperating","100,000","1,900,000","1,400,000","900,000","600,000","1,300,000","200,000","200,000","100,000","100,000","200,000","200,000","1,000,000",,,,,,,,,,,,,,,,,,,,,,
"	InterestExpenseNonOperating","151,300,000","160,400,000","134,500,000","80,000,000","83,300,000","81,400,000","59,700,000","42,400,000","45,400,000","39,500,000","39,500,000","27,200,000","32,900,000",,,,,,,,,,,,,,,,,,,,,,
"	TotalOtherFinanceCost",,,,,,,,,,,"39,300,000",,,,,,,,,,,,,,,,,,,,,,,,
OtherIncomeExpense,"-128,500,000","-70,400,000","-45,500,000","-64,700,000","-70,000,000","-222,500,000","-37,300,000","-42,600,000","-32,600,000","-29,800,000","-149,200,000","-130,500,000","-46,500,000","-162,700,000","-74,500,000","-21,000,000","-15,500,000","-63,500,000","-25,400,000","-280,400,000","-56,600,000","11,700,000","12,000,000","-255,400,000","10,100,000","33,400,000","67,000,000","56,200,000","71,400,000","59,000,000","62,800,000","86,200,000","105,500,000","156,000,000","104,800,000"
"	GainOnSaleOfSecurity",,,,,"-4,200,000","-10,700,000",,,,,,,,,,,,,,,,,,,,,,,,,,,,,
"	EarningsFromEquityInterest",0,0,"100,000","100,000","500,000","-200,000","-900,000","-900,000","-300,000","2,600,000","2,700,000","2,300,000","3,100,000","2,500,000","2,300,000","70,600,000","-2,100,000","-68,600,000","4,700,000",,,,,,,,,,,,,,,,
"	SpecialIncomeCharges","-108,200,000","-62,300,000","-39,200,000","-58,400,000","-53,400,000","-191,100,000","-40,900,000","-9,600,000","-28,300,000","-32,400,000","-151,900,000","-132,800,000","-49,600,000","-165,200,000","-76,800,000","-91,600,000","-13,400,000","5,100,000","-30,100,000","-280,400,000","-56,600,000","11,700,000","12,000,000","-255,400,000","10,100,000","33,400,000","67,000,000","56,200,000","71,400,000","59,000,000","62,800,000","86,200,000","105,500,000","156,000,000","104,800,000"
"		RestructuringAndMergernAcquisition","108,200,000","62,200,000","126,400,000","16,300,000","53,400,000","217,700,000","40,900,000","9,600,000","28,300,000","32,400,000","151,900,000","132,800,000","49,600,000","162,900,000","74,800,000","40,400,000","3,500,000","-5,100,000","30,100,000","280,400,000",,,,,,,,,,,,,,,
"		ImpairmentOfCapitalAssets",,0,0,"42,100,000",,,,,,,,,,,,,,,,,,,,,,,,,,,,,,,
"		OtherSpecialCharges",,,"2,600,000","6,400,000","12,900,000","20,500,000","-4,500,000","32,100,000","4,000,000",,,,,"2,300,000","2,000,000","51,200,000","9,900,000",,,,,,,,,,,,,,,,,,
"		GainOnSaleOfBusiness",0,"-100,000","87,200,000",0,0,"26,600,000",,,,,,,,,,,,,,,,,,,,,,,,,,,,,
"	OtherNonOperatingIncomeExpenses","-20,300,000","-8,100,000","-6,400,000","-6,400,000","-12,900,000","-20,500,000","4,500,000","-32,100,000","-4,000,000",,,,,,,,,,,,,,,,,,,,,,,,,,
PretaxIncome,"729,800,000","655,000,000","743,700,000","180,800,000","339,300,000","-130,500,000","485,000,000","615,900,000","612,600,000","550,500,000","350,500,000","310,000,000","454,900,000","185,700,000","213,500,000","193,300,000","131,100,000","38,000,000","86,500,000","-472,900,000","222,600,000","274,300,000","249,500,000","-59,700,000","322,600,000","246,900,000","252,300,000","37,800,000","279,600,000","255,900,000","211,400,000","218,300,000","189,500,000","201,400,000","192,600,000"
TaxProvision,"150,900,000","111,500,000","88,800,000","264,100,000","93,900,000","47,400,000","73,500,000","148,600,000","146,700,000","136,500,000","132,000,000","53,000,000","125,400,000","29,000,000","68,700,000","82,300,000","-44,500,000","-1,800,000","17,400,000","-166,600,000","45,300,000","58,300,000","64,200,000","-35,200,000","104,500,000","31,300,000","78,900,000","-3,200,000","87,000,000","82,800,000","56,100,000","61,600,000","60,300,000","10,200,000","40,100,000"
NetIncomeCommonStockholders,"550,100,000","475,900,000","499,200,000","535,800,000","208,400,000","489,000,000","306,600,000","292,300,000","414,200,000","365,900,000","172,500,000","228,500,000","304,600,000","132,400,000","132,000,000","116,600,000","160,200,000","26,500,000","65,800,000","-337,700,000","110,600,000","212,600,000","106,500,000","162,400,000","210,700,000","215,600,000","173,400,000","36,300,000","-75,700,000","173,100,000","155,300,000","156,700,000","129,200,000","191,200,000","152,500,000"
"	NetIncome","551,500,000","477,400,000","502,100,000","535,800,000","209,100,000","489,000,000","307,500,000","293,900,000","416,200,000","365,900,000","172,500,000","228,500,000","304,600,000","132,400,000","132,000,000","116,600,000","160,200,000","26,500,000","65,800,000","-337,700,000","110,600,000","212,600,000","106,500,000","162,400,000","210,700,000","215,600,000","173,400,000","36,300,000","-75,700,000","173,100,000","155,300,000","156,700,000","129,200,000","191,200,000","152,500,000"
"		NetIncomeIncludingNoncontrollingInterests","550,600,000","480,200,000","511,500,000","538,400,000","211,700,000","498,500,000","322,100,000","308,000,000","435,700,000","382,200,000","184,900,000","228,500,000","321,600,000","142,000,000","139,800,000","124,100,000","164,000,000","29,400,000","69,200,000","-335,400,000","115,200,000","217,700,000","112,700,000","171,300,000","267,600,000","274,700,000","234,800,000","38,800,000","-72,100,000","176,100,000","163,400,000","163,600,000","129,200,000","191,200,000","152,500,000"
"			NetIncomeContinuousOperations","578,900,000","543,500,000","654,900,000","-83,300,000","245,400,000","-177,900,000","411,500,000","467,300,000","465,900,000","414,000,000","218,500,000","257,000,000","329,500,000","156,700,000","144,800,000","111,000,000","175,600,000","39,800,000","69,100,000","-306,300,000","177,300,000","216,000,000","185,300,000","-24,500,000","218,100,000","215,600,000","173,400,000","41,000,000","192,600,000","173,100,000","155,300,000","156,700,000","129,200,000","191,200,000","152,500,000"
"			NetIncomeDiscontinuousOperations","-28,300,000","-63,300,000","-143,400,000","621,700,000","-33,700,000","676,400,000","-89,400,000","-159,300,000","-30,200,000","-31,800,000","-33,600,000","-18,200,000","-24,900,000","-24,300,000","-12,800,000","6,100,000","-15,400,000","-13,300,000","-3,300,000","-30,500,000","-66,700,000","-3,400,000","-42,700,000","191,400,000","-7,400,000",,,,"-73,200,000",,,,,,
"			NetIncomeExtraordinary",,,,,,,,,,,,,,,,"-500,000",,,,"-900,000",,,"-36,100,000","-4,500,000",,,,,"-183,700,000",,,,,,
"			NetIncomeFromTaxLossCarryforward",,,,,,,,,,,,"-10,300,000",,,,,,,,,,,,,,,,"-4,700,000","-11,400,000",,,,,,
"		MinorityInterests","900,000","-2,800,000","-9,400,000","-2,600,000","-2,600,000","-9,500,000","-14,600,000","-14,100,000","-19,500,000","-16,300,000","-12,400,000","-10,300,000","-17,000,000","-9,600,000","-7,800,000","-7,500,000","-3,800,000","-2,900,000","-3,400,000","-2,300,000","-4,600,000","-5,100,000","-6,200,000","-8,900,000","-56,900,000","-59,100,000","-61,400,000","-2,500,000","-3,600,000","-3,000,000","-8,100,000","-6,900,000",,,
"	OtherunderPreferredStockDividend","1,400,000","1,500,000","2,900,000",0,"700,000",0,"900,000","1,600,000","2,000,000",,,,,,,,,,,,,,,,,,,,,,,,,,
DilutedNIAvailtoComStockholders,"550,100,000","475,900,000","499,200,000","535,800,000","208,400,000","489,000,000","306,600,000","292,300,000","414,200,000","365,900,000","172,500,000","228,500,000","304,600,000","132,400,000","132,000,000","116,600,000","160,200,000","26,500,000","65,800,000","-337,700,000","110,600,000","212,600,000","106,500,000","162,400,000","210,700,000","215,600,000","173,400,000","36,300,000","-75,700,000","173,100,000","155,300,000","156,700,000","129,200,000","191,200,000","152,500,000"
BasicEPS,,3.64,3.72,3.99,1.56,3.66,2.3,2.16,3.01,2.565,1.19,1.575,2.065,0.88,0.863,0.775,1.108,0.188,0.49,-2.715,0.908,1.688,0.783,1.103,1.385,1.43,1.165,0.126,-0.265,0.618,0.559,0.57,0.473,0.568,0.205
DilutedEPS,,3.62,3.69,3.99,1.56,3.66,2.29,2.16,3,2.55,1.18,1.56,2.01,0.855,0.835,0.743,1.07,0.188,0.48,-2.715,0.875,1.643,0.763,1.103,1.385,1.43,1.163,0.126,-0.265,0.596,0.538,0.544,0.45,0.565,0.203
BasicAverageShares,,"130,800,000","134,400,000","134,300,000","133,900,000","133,700,000","133,300,000","135,200,000","137,700,000","142,000,000","144,400,000","144,400,000","147,600,000","150,454,545","153,043,478","150,451,613","144,650,113","141,333,333","134,285,714","124,383,057","121,873,278","125,985,185","136,102,236","147,301,587","152,129,964","150,769,231","148,841,202","144,724,000","143,492,000","141,080,000","139,052,000","137,996,000","137,020,000","180,696,000","180,144,000"
DilutedAverageShares,,"132,000,000","135,900,000","134,300,000","134,500,000","133,700,000","134,300,000","136,100,000","138,800,000","143,400,000","146,200,000","146,600,000","151,600,000","154,853,801","158,083,832","157,037,037","149,719,626","141,333,333","137,083,333","124,383,057","126,400,000","129,436,834","139,672,131","147,301,587","152,129,964","150,769,231","149,161,290","144,724,000","143,492,000","141,080,000","139,052,000","137,996,000","137,020,000","180,696,000","180,144,000"
TotalExpenses,"3,632,600,000","3,725,900,000","3,805,500,000","2,554,000,000","2,790,400,000","3,104,400,000","3,455,900,000","3,174,100,000","3,057,800,000","2,758,200,000","2,577,300,000","2,358,700,000","2,565,000,000","2,240,000,000","2,018,300,000","1,870,300,000","1,822,400,000","1,724,800,000","1,666,000,000","2,074,900,000","3,549,000,000","3,736,200,000","4,014,400,000","3,989,700,000","4,608,100,000","4,149,900,000","3,696,100,000","3,696,300,000","3,666,800,000","3,574,700,000","3,415,000,000","3,113,500,000","3,005,800,000","2,870,200,000","2,753,900,000"
NetIncomeFromContinuingAndDiscontinuedOperation,"551,500,000","477,400,000","502,100,000","535,800,000","209,100,000","489,000,000","307,500,000","293,900,000","416,200,000","365,900,000","172,500,000","238,800,000","304,600,000","132,400,000","132,000,000","117,100,000","160,200,000","26,500,000","65,800,000","-336,800,000","110,600,000","212,600,000","142,600,000","166,900,000","210,700,000","215,600,000","173,400,000","41,000,000","119,400,000","173,100,000","155,300,000","156,700,000","129,200,000","191,200,000","152,500,000"
NormalizedIncome,"665,602,600","592,409,000","680,035,200","-50,860,000","284,444,800","-58,853,400","431,583,200","460,486,400","467,936,300","422,066,212.53","300,793,723.25","367,095,483.87","365,427,016.93","296,101,400.11","196,887,306.79","165,960,000","183,640,000","36,740,000","93,145,202.31","-124,683,336.86","222,381,671.16","206,786,729.86","176,387,775.55","128,740,000","211,271,698.70","186,434,183.88","127,352,437.57","7,280,000","143,416,738.20","133,190,269.64","109,165,468.31","94,823,957.86","57,270,712.40","43,100,695.13","69,519,730.01"
InterestIncome,"100,000","1,900,000","1,400,000","900,000","600,000","1,300,000","200,000","200,000","100,000","100,000","200,000","200,000","1,000,000",,,,,,,,,,,,,,,,,,,,,,
InterestExpense,"151,300,000","160,400,000","134,500,000","80,000,000","83,300,000","81,400,000","59,700,000","42,400,000","45,400,000","39,500,000","39,500,000","27,200,000","32,900,000",,,,,,,,,,,,,,,,,,,,,,
NetInterestIncome,"-151,200,000","-158,500,000","-133,100,000","-79,100,000","-82,700,000","-80,100,000","-59,500,000","-42,200,000","-45,300,000","-39,400,000","-39,300,000","-27,000,000","-31,900,000",,,,,,,,,,,,,,,,,,,,,,
EBIT,"881,100,000","815,400,000","878,200,000","260,800,000","422,600,000","-49,100,000","544,700,000","658,300,000","658,000,000","590,000,000","390,000,000","337,200,000","487,800,000","392,900,000","328,700,000","279,900,000","228,800,000","196,600,000","186,900,000","-131,900,000","376,500,000","374,400,000","364,000,000","322,900,000","472,500,000","359,900,000","314,700,000","57,600,000","306,900,000","324,700,000","307,200,000","301,000,000","281,100,000","268,900,000","248,800,000"
EBITDA,,,,,,,,,,,,,,,,,,,,,,,,,,,,,,,,,,,
ReconciledCostOfRevenue,"2,590,100,000","2,526,200,000","2,640,900,000","1,777,300,000","2,082,600,000","2,201,100,000","2,662,700,000","2,534,400,000","2,407,100,000","2,210,500,000","2,065,600,000","1,943,600,000","2,134,400,000","1,830,100,000","1,636,500,000","1,505,500,000","1,474,200,000","1,400,500,000","1,359,900,000","1,408,700,000","2,683,100,000","2,827,700,000","3,037,400,000","2,952,000,000","3,471,800,000","3,083,200,000","2,712,600,000","2,608,700,000","2,754,800,000","2,718,800,000","2,560,000,000","2,319,700,000","2,234,200,000","2,144,000,000","2,045,000,000"
ReconciledDepreciation,"162,700,000","150,100,000","168,200,000","113,000,000","137,100,000","115,700,000","131,200,000","127,200,000","137,800,000","126,600,000","133,600,000","127,200,000","124,200,000","133,700,000","131,800,000","136,300,000","134,300,000","124,600,000","118,800,000","131,600,000","188,900,000","180,700,000","206,600,000","238,400,000","254,200,000","248,900,000","229,000,000","226,600,000","233,100,000","224,900,000","211,200,000","197,800,000","199,300,000","200,500,000","192,100,000"
NetIncomeFromContinuingOperationNetMinorityInterest,"579,800,000","540,700,000","645,500,000","-85,900,000","242,800,000","-187,400,000","396,900,000","453,200,000","446,400,000","397,700,000","206,100,000","257,000,000","329,500,000","156,700,000","144,800,000","111,000,000","175,600,000","39,800,000","69,100,000","-306,300,000","177,300,000","216,000,000","185,300,000","-24,500,000","218,100,000","215,600,000","173,400,000","41,000,000","192,600,000","173,100,000","155,300,000","156,700,000","129,200,000","191,200,000","152,500,000"
TotalUnusualItemsExcludingGoodwill,"-108,200,000","-62,300,000","-39,200,000","-58,400,000","-57,600,000","-201,800,000","-40,900,000","-9,600,000","-28,300,000","-32,400,000","-151,900,000","-132,800,000","-49,600,000","-165,200,000","-76,800,000","-91,600,000","-13,400,000","5,100,000","-30,100,000","-280,400,000","-56,600,000","11,700,000","12,000,000","-255,400,000","10,100,000","33,400,000","67,000,000","56,200,000","71,400,000","59,000,000","62,800,000","86,200,000","105,500,000","156,000,000","104,800,000"
TotalUnusualItems,"-108,200,000","-62,300,000","-39,200,000","-58,400,000","-57,600,000","-201,800,000","-40,900,000","-9,600,000","-28,300,000","-32,400,000","-151,900,000","-132,800,000","-49,600,000","-165,200,000","-76,800,000","-91,600,000","-13,400,000","5,100,000","-30,100,000","-280,400,000","-56,600,000","11,700,000","12,000,000","-255,400,000","10,100,000","33,400,000","67,000,000","56,200,000","71,400,000","59,000,000","62,800,000","86,200,000","105,500,000","156,000,000","104,800,000"
NormalizedEBITDA,"1,152,000,000","1,027,800,000","1,085,600,000","432,200,000","617,300,000","268,400,000","716,800,000","795,100,000","824,100,000","749,000,000","675,500,000","597,200,000","661,600,000","691,800,000","537,300,000","507,800,000","376,500,000","316,100,000","335,800,000","280,100,000","622,000,000","543,400,000","558,600,000","816,700,000","716,600,000","575,400,000","476,700,000","228,000,000","468,600,000","490,600,000","455,600,000","412,600,000","374,900,000","313,400,000","336,100,000"
TaxRateForCalcs,0.207,0.17,0.119,0.4,0.277,0.363,0.152,0.241,0.239,0.248,0.377,0.171,0.276,0.156,0.322,0.4,0.4,0.4,0.201,0.352,0.204,0.213,0.257,0.4,0.324,0.127,0.313,0.4,0.311,0.324,0.265,0.282,0.318,0.051,0.208
TaxEffectOfUnusualItems,"-22,397,400","-10,591,000","-4,664,800","-23,360,000","-15,955,200","-73,253,400","-6,216,800","-2,313,600","-6,763,700","-8,033,787.47","-57,206,276.75","-22,704,516.13","-13,672,983.07","-25,798,599.89","-24,712,693.21","-36,640,000","-5,360,000","2,040,000","-6,054,797.69","-98,783,336.86","-11,518,328.84","2,486,729.86","3,087,775.55","-102,160,000","3,271,698.70","4,234,183.88","20,952,437.57","22,480,000","22,216,738.20","19,090,269.64","16,665,468.31","24,323,957.86","33,570,712.40","7,900,695.13","21,819,730.01"
,,,,,,,,,,,,,,,,,,,,,,,,,,,,,,,,,,,
TotalAssets,"10,186,400,000","9,872,700,000","9,974,300,000","9,206,300,000","6,139,300,000","6,325,900,000","5,340,500,000","5,235,200,000","4,373,900,000","3,743,500,000","3,319,900,000","3,136,200,000","2,993,900,000","2,733,400,000","2,735,000,000","2,740,000,000","2,978,400,000","2,828,800,000","2,872,000,000","2,477,200,000","3,745,900,000","3,995,800,000","4,166,400,000","4,113,100,000","4,989,800,000","4,301,100,000","3,351,500,000","2,813,100,000","2,826,600,000","2,815,600,000","2,959,200,000","2,819,000,000","2,748,800,000","2,595,100,000","2,685,800,000"
"	CurrentAssets","4,375,600,000","4,074,800,000","4,030,200,000","3,652,700,000","2,849,200,000","2,971,900,000","2,934,400,000","2,945,000,000","2,181,800,000","1,869,400,000","1,646,200,000","1,487,700,000","1,432,800,000","1,194,100,000","1,067,800,000","1,067,300,000","1,072,700,000","1,009,700,000","1,175,700,000","820,300,000","1,329,800,000","1,416,500,000","1,681,700,000","1,715,600,000","2,193,100,000","1,804,900,000","1,376,300,000","1,159,700,000","1,123,000,000","1,179,800,000","1,295,300,000","1,312,000,000","1,316,600,000","1,069,800,000","1,101,200,000"
"		CashCashEquivalentsAndShortTermInvestments","568,900,000","339,100,000","190,800,000","283,000,000","64,200,000","78,600,000","109,500,000","123,200,000","77,100,000","158,900,000","161,500,000","76,600,000","52,400,000","75,500,000","165,500,000","206,400,000","212,400,000","57,000,000","89,600,000","23,400,000","25,100,000","64,000,000","61,700,000","62,700,000","74,800,000","70,900,000","98,400,000","77,500,000","24,300,000","44,200,000","93,000,000","94,500,000","130,800,000","184,600,000","184,200,000"
"			CashAndCashEquivalents","568,900,000","339,100,000","161,700,000","283,000,000","64,200,000","78,600,000","109,500,000","123,200,000","77,100,000","158,900,000","161,500,000","76,600,000","52,400,000","75,500,000","165,500,000","206,400,000","212,400,000","57,000,000","89,600,000","23,400,000","25,100,000","64,000,000","61,700,000","62,700,000","74,800,000","70,900,000","98,400,000","77,500,000","24,300,000","44,200,000","93,000,000","94,500,000","130,800,000","184,600,000","184,200,000"
"			OtherShortTermInvestments",,,"29,100,000",,,,,,,,,,,,,,,,,,,,,,,,,,,,,,,,
"		Receivables","2,528,000,000","2,460,400,000","2,507,700,000","2,174,000,000","1,957,700,000","1,975,400,000","1,840,700,000","1,565,300,000","1,184,200,000","931,300,000","852,900,000","749,600,000","687,700,000","599,700,000","537,900,000","494,300,000","479,700,000","478,200,000","462,200,000","441,700,000","635,500,000","635,400,000","840,600,000","834,200,000","1,001,900,000","837,800,000","642,800,000","573,200,000","543,500,000","529,700,000","536,500,000","587,400,000","582,800,000","261,000,000","185,500,000"
"			AccountsReceivable","2,330,300,000","2,231,200,000","2,285,200,000","2,043,500,000","1,828,000,000","1,851,400,000","1,751,000,000","1,484,300,000","1,124,500,000","931,300,000","852,900,000","749,600,000","687,700,000","599,700,000","537,900,000","494,300,000","479,700,000","478,200,000","462,200,000","441,700,000",,,,,,,,,,,,,,,
"				GrossAccountsReceivable","2,358,200,000","2,257,500,000","2,307,600,000","2,082,200,000","1,845,800,000","1,865,300,000","1,788,600,000","1,514,500,000","1,151,700,000","952,800,000",,,,,,,,,,,,,,,,,,,,,,,,,
"				AllowanceForDoubtfulAccountsReceivable","-27,900,000","-26,300,000","-22,400,000","-38,700,000","-17,800,000","-13,900,000","-37,600,000","-30,200,000","-27,200,000","-21,500,000",,,,,,,,,,,,,,,,,,,,,,,,,
"			TaxesReceivable","197,700,000","229,200,000","219,300,000","127,300,000","124,600,000","105,300,000","74,900,000","81,000,000","59,700,000",,,,,,,,,,,,,,,,,,,,,,,,,,
"			OtherReceivables",,,"3,200,000","3,200,000","5,100,000","18,700,000","14,800,000",,,,,,,,,,,,,,,,,,,,,,,,,,,,
"		Inventory","1,095,600,000","1,017,000,000","1,097,300,000","992,500,000","703,500,000","800,200,000","636,500,000","688,400,000","675,700,000","470,300,000","347,800,000","350,500,000","380,800,000","275,000,000","219,400,000","215,700,000","217,500,000","192,600,000","178,800,000","207,200,000","426,200,000","457,700,000","517,700,000","524,100,000","835,300,000","615,000,000","403,900,000","268,100,000","319,300,000","364,800,000","446,600,000","443,900,000","424,700,000","413,700,000","428,300,000"
"			RawMaterials","165,700,000","217,300,000","221,400,000","224,100,000","294,200,000","335,600,000","261,800,000","297,800,000","259,700,000","171,700,000","122,200,000","135,900,000","131,100,000","73,900,000","65,200,000","56,700,000","61,100,000","70,300,000","53,700,000","65,500,000",,,,,,,,,,,,,,,
"			WorkInProcess","621,900,000","559,400,000","555,400,000","542,400,000","264,600,000","275,400,000","248,800,000","276,700,000",,,,,,,,,,,,,,,,,,,,,,,,,,,
"			FinishedGoods","434,600,000","372,200,000","452,600,000","353,700,000","297,700,000","350,000,000","299,700,000","283,000,000","416,000,000","298,600,000","225,600,000","214,600,000","249,700,000","201,100,000","154,200,000","159,000,000","156,400,000","122,300,000","125,100,000","141,700,000",,,,,,,,,,,,,,,
"			InventoriesAdjustmentsAllowances","-126,600,000","-131,900,000","-132,100,000","-127,700,000","-153,000,000","-160,800,000","-173,800,000","-169,100,000",,,,,,,,,,,,,,,,,,,,,,,,,,,
"		PrepaidAssets","150,600,000","205,100,000","163,400,000","127,500,000","109,000,000","111,600,000","88,400,000","133,400,000","108,100,000","173,400,000","175,300,000","138,000,000","135,000,000","126,900,000","91,300,000",,,,,,,,,,,,,,,,,,,,
"		RestrictedCash",,,,,,,,,,,,,,,,,"9,700,000","136,900,000","274,600,000",,,,,,,,,,,,,,,,
"		CurrentDeferredAssets",,,,,,0,"222,700,000","214,000,000","123,400,000","135,500,000","108,700,000","173,000,000","176,900,000","117,000,000","53,700,000","31,900,000","24,600,000","32,900,000","58,000,000","48,400,000",,,,,,,,,,,,,,,
"			CurrentDeferredTaxesAssets",,,,,,0,"222,700,000","214,000,000","123,400,000","135,500,000","108,700,000","173,000,000","176,900,000","117,000,000","53,700,000","31,900,000","24,600,000","32,900,000","58,000,000","48,400,000",,,,,,,,,,,,,,,
"		AssetsHeldForSaleCurrent",,0,0,"7,300,000",,0,0,"198,300,000",,,,,,,,,,,,,,,,,,,,,,,,,,,
"		HedgingAssetsCurrent","300,000","200,000","11,700,000","6,700,000","6,400,000",0,"28,600,000","5,600,000",,,,,,,,,,,,,,,,,,,,,,,,,,,
"		OtherCurrentAssets","32,200,000","53,000,000","59,300,000","61,700,000","8,400,000","6,100,000","8,000,000","16,800,000","13,300,000","173,400,000","175,300,000","138,000,000","116,800,000",,,"119,000,000","128,800,000","112,100,000","112,500,000","99,600,000","243,000,000","259,400,000","261,700,000","294,600,000","281,100,000","281,200,000","231,200,000","240,900,000","235,900,000","241,100,000","219,200,000","186,200,000","178,300,000","210,500,000","303,200,000"
"	TotalNonCurrentAssets","5,810,800,000","5,797,900,000","5,944,100,000","5,553,600,000","3,290,100,000","3,354,000,000","2,406,100,000","2,290,200,000","2,192,100,000","1,874,100,000","1,673,700,000","1,648,500,000","1,561,100,000","1,539,300,000","1,667,200,000","1,672,700,000","1,905,700,000","1,819,100,000","1,696,300,000","1,656,900,000","2,416,100,000","2,579,300,000","2,484,700,000","2,397,500,000","2,796,700,000","2,496,200,000","1,975,200,000","1,653,400,000","1,703,600,000","1,635,800,000","1,663,900,000","1,507,000,000","1,432,200,000","1,525,300,000","1,584,600,000"
"		NetPPE","919,000,000","922,700,000","1,032,600,000","1,025,200,000","1,002,100,000","1,016,400,000","1,308,500,000","1,248,300,000","1,136,200,000","986,800,000","918,500,000","964,500,000","939,200,000","934,700,000","1,025,100,000","1,012,000,000","1,111,900,000","1,128,100,000","1,075,500,000","1,087,800,000","1,616,100,000","1,691,900,000","1,727,500,000","1,679,300,000","1,959,300,000","1,829,600,000","1,537,400,000","1,390,200,000","1,502,100,000","1,484,200,000","1,507,100,000","1,334,900,000","1,268,100,000","1,302,200,000","1,345,100,000"
"			GrossPPE","1,338,800,000","1,273,900,000","1,513,800,000","1,461,100,000","1,777,500,000","1,784,600,000","2,741,100,000","2,663,200,000","3,037,400,000","2,850,000,000","2,777,200,000","2,749,800,000","2,641,500,000","2,843,900,000","2,968,500,000","2,837,100,000","2,969,300,000","2,859,800,000","2,646,800,000","2,538,200,000","3,406,200,000","3,724,000,000","3,824,700,000","3,655,200,000","4,284,200,000","4,171,200,000","3,897,500,000","3,498,300,000","3,541,700,000","3,389,600,000","3,279,700,000","2,908,000,000","2,750,200,000","2,628,100,000","2,490,900,000"
"				Properties",0,0,0,0,0,0,"31,400,000","31,400,000","31,400,000","31,400,000","31,400,000","31,400,000",0,0,0,0,0,0,0,0,,,,,,,,,,,,,,,
"				LandAndImprovements","103,100,000","94,300,000","178,100,000","166,900,000","102,900,000","101,900,000","170,900,000","154,300,000","160,800,000","143,100,000","142,700,000","140,900,000","136,800,000","157,000,000","154,700,000","149,800,000","147,700,000","216,900,000","140,300,000","156,000,000",,,,,,,,,,,,,,,
"				BuildingsAndImprovements","513,700,000","367,500,000","451,800,000","462,600,000","397,500,000","320,400,000","371,300,000","372,700,000","377,100,000","363,900,000","366,000,000","349,900,000","313,500,000","361,200,000","362,000,000","343,400,000","351,300,000","340,300,000","317,400,000","375,700,000",,,,,,,,,,,,,,,
"				MachineryFurnitureEquipment","501,100,000","582,100,000","747,900,000","753,100,000","1,200,400,000","1,171,900,000","1,881,900,000","1,839,300,000","2,250,300,000","2,150,300,000","2,153,500,000","2,132,900,000","2,037,600,000","2,217,900,000","2,354,800,000","2,262,400,000","2,402,200,000","2,232,700,000","2,131,500,000","1,929,400,000",,,,,,,,,,,,,,,
"				OtherProperties","147,300,000","164,700,000",,,,,,,,,,,"33,800,000","33,800,000","33,800,000","24,800,000","24,800,000",,,,,,,,,,,,,,,,,,
"				ConstructionInProgress","73,600,000","65,300,000","136,000,000","78,500,000","76,700,000","190,400,000","285,600,000","265,500,000","217,800,000","161,300,000","83,600,000","94,700,000","119,800,000","74,000,000","63,200,000","56,700,000","43,300,000","69,900,000","57,600,000","77,100,000",,,,,,,,,,,,,,,
"			AccumulatedDepreciation","-419,800,000","-351,200,000","-481,200,000","-435,900,000","-775,400,000","-768,200,000","-1,432,600,000","-1,414,900,000","-1,901,200,000","-1,863,200,000","-1,858,700,000","-1,785,300,000","-1,702,300,000","-1,909,200,000","-1,943,400,000","-1,825,100,000","-1,857,400,000","-1,731,700,000","-1,571,300,000","-1,450,400,000","-1,790,100,000","-2,032,100,000","-2,097,200,000","-1,975,900,000","-2,324,900,000","-2,341,600,000","-2,360,100,000","-2,108,100,000","-2,039,600,000","-1,905,400,000","-1,772,600,000","-1,573,100,000","-1,482,100,000","-1,325,900,000","-1,145,800,000"
"		GoodwillAndOtherIntangibleAssets","4,252,100,000","4,213,500,000","4,235,600,000","3,857,300,000","1,605,700,000","1,649,600,000","632,800,000","694,200,000","542,900,000","413,200,000","194,400,000","209,500,000","197,000,000","180,200,000","163,600,000","148,600,000","169,800,000","156,300,000","129,700,000","116,300,000","494,600,000","505,700,000","399,100,000","420,400,000","498,800,000","345,600,000",,"91,700,000","63,200,000","25,800,000","70,200,000","60,600,000","74,100,000","80,500,000","104,800,000"
"			Goodwill","1,468,900,000","1,467,500,000","1,468,100,000","1,198,900,000","777,500,000","776,100,000","352,500,000","389,400,000","294,400,000","225,900,000","194,400,000","209,500,000","197,000,000","180,200,000","163,600,000",,,,,,,,,,,,,,,,,,,,
"			OtherIntangibleAssets","2,783,200,000","2,746,000,000","2,767,500,000","2,658,400,000","828,200,000","873,500,000","280,300,000","304,800,000","248,500,000","187,300,000",,,,,,"148,600,000","169,800,000","156,300,000","129,700,000","116,300,000","494,600,000","505,700,000","399,100,000","420,400,000","498,800,000","345,600,000",,"91,700,000","63,200,000","25,800,000","70,200,000","60,600,000","74,100,000","80,500,000","104,800,000"
"		InvestmentsAndAdvances","3,100,000","700,000","700,000","1,400,000","1,000,000","2,500,000","25,100,000","26,800,000","40,200,000","28,300,000","22,400,000","22,400,000","20,600,000",,,,,,,,,,,,,,,,,,,,,,
"		NonCurrentAccountsReceivable","141,400,000","155,800,000","131,600,000","151,200,000","165,200,000","143,100,000","47,000,000","26,600,000","23,500,000",,,,,,,,,,,,,,,,,,,,,,,,,,
"		NonCurrentDeferredAssets","253,700,000","277,600,000","336,100,000","350,000,000","350,700,000","377,900,000","245,500,000","134,700,000","329,900,000","246,900,000","314,700,000","240,700,000","243,600,000","259,000,000","330,800,000","374,600,000","448,600,000","322,200,000","297,900,000","294,800,000",,,,,,,,,,,,,,,
"			NonCurrentDeferredTaxesAssets","229,600,000","257,400,000","318,400,000","319,900,000","325,400,000","352,500,000","200,100,000","91,400,000","233,300,000","246,900,000","314,700,000","240,700,000","243,600,000","259,000,000","330,800,000","374,600,000","448,600,000","322,200,000","297,900,000","294,800,000",,,,,,,,,,,,,,,
"		NonCurrentPrepaidAssets","122,200,000","116,300,000","85,200,000","79,100,000","75,100,000","69,000,000","62,800,000","62,200,000",,,,,,,,,,,,,,,,,,,,,,,,,,,
"		DefinedPensionBenefit","69,500,000","44,200,000","42,800,000",,,0,"700,000","17,200,000",,,,,,,,,,,,,,,,,,,,,,,,,,,
"		OtherNonCurrentAssets","49,800,000","67,100,000","79,500,000","89,400,000","90,300,000","95,500,000","83,700,000","80,200,000","119,400,000","198,900,000","223,700,000","211,400,000","160,700,000","165,400,000","147,700,000","137,500,000","175,400,000","212,500,000","193,200,000","158,000,000","305,400,000","381,700,000","358,100,000","297,800,000","338,600,000","321,000,000","437,800,000","171,500,000","138,300,000","125,800,000","86,600,000","111,500,000","90,000,000","142,600,000","134,700,000"
TotalLiabilitiesNetMinorityInterest,"7,202,200,000","7,311,300,000","6,763,900,000","6,499,200,000","4,146,300,000","4,417,600,000","3,776,500,000","3,663,100,000","2,819,100,000","2,439,400,000","2,130,700,000","2,003,100,000","2,027,500,000","1,610,700,000","1,656,500,000","1,729,200,000","2,051,100,000","2,192,200,000","2,421,200,000","2,213,600,000","2,898,500,000","3,206,000,000","3,363,500,000","3,294,500,000","3,994,600,000","3,490,300,000","2,835,500,000","2,552,800,000","2,551,700,000","2,443,000,000","2,746,600,000","2,863,400,000","2,972,400,000","2,938,300,000","3,192,400,000"
"	CurrentLiabilities","2,829,000,000","2,723,900,000","2,993,400,000","2,209,400,000","1,438,200,000","1,453,300,000","1,910,400,000","1,986,700,000","1,135,400,000","919,900,000","963,400,000","709,200,000","759,100,000","751,400,000","702,500,000","659,300,000","820,100,000","727,500,000","874,600,000","1,079,200,000","1,399,900,000","1,576,000,000","1,411,900,000","1,464,500,000","2,021,400,000","1,792,700,000","1,268,900,000","1,156,000,000","1,124,100,000","1,193,000,000","1,254,700,000","1,194,400,000","1,088,700,000","1,163,500,000","1,138,900,000"
"		PayablesAndAccruedExpenses","1,699,800,000","1,617,500,000","1,725,100,000","1,431,200,000","905,700,000","929,100,000","926,200,000","955,700,000","844,900,000","784,300,000","804,400,000","603,800,000","708,100,000","588,000,000","537,400,000","532,000,000","609,800,000","617,500,000","601,100,000","700,800,000","657,300,000","665,500,000","685,800,000","663,500,000","886,000,000","848,500,000","676,900,000","501,200,000","513,900,000","600,400,000","677,300,000","623,800,000",,,
"			Payables","1,091,200,000","1,019,300,000","1,007,500,000","835,700,000","389,800,000","445,600,000","475,800,000","528,500,000","494,800,000","473,800,000","404,700,000","294,100,000","396,900,000","327,400,000","301,400,000","301,000,000","342,900,000","299,500,000","286,500,000","327,700,000","657,300,000","665,500,000","685,800,000","663,500,000","886,000,000","848,500,000","676,900,000","501,200,000","513,900,000","600,400,000","677,300,000","623,800,000",,,
"				AccountsPayable","946,700,000","900,100,000","867,500,000","714,200,000","355,400,000","403,600,000","433,500,000","475,200,000","443,200,000","458,300,000","389,300,000","290,500,000","372,300,000","327,400,000","301,400,000","301,000,000","342,900,000","299,500,000","286,500,000","327,700,000","657,300,000","665,500,000","685,800,000","663,500,000","886,000,000","848,500,000","676,900,000","501,200,000","513,900,000","600,400,000","677,300,000","623,800,000",,,
"				TotalTaxPayable","82,200,000","62,200,000","86,800,000","99,200,000","12,300,000","19,900,000","22,200,000","35,300,000","32,900,000","15,500,000","15,400,000","3,600,000","24,600,000",,,,,,,,,,,,,,,,,,,,,,
"					IncomeTaxPayable","82,200,000","62,200,000","86,800,000","99,200,000","12,300,000","19,900,000","22,200,000","35,300,000","32,900,000","15,500,000","15,400,000","3,600,000","24,600,000",,,,,,,,,,,,,,,,,,,,,,
"				DividendsPayable","62,300,000","57,000,000","53,200,000","22,300,000","22,100,000","22,100,000","20,100,000","18,000,000","18,700,000",,,,,,,,,,,,,,,,,,,,,,,,,,
"			CurrentAccruedExpenses","608,600,000","598,200,000","717,600,000","595,500,000","515,900,000","483,500,000","450,400,000","427,200,000","350,100,000","310,500,000","399,700,000","309,700,000","311,200,000","260,600,000","236,000,000","231,000,000","266,900,000","318,000,000","314,600,000","373,100,000",,,,,,,,,,,,,,,
"		CurrentProvisions","132,800,000","123,400,000","84,300,000","78,500,000","77,900,000","74,700,000","84,800,000","53,500,000","41,200,000",,,,,,,,,,,,,,,,,,,,,,,,,,
"		PensionandOtherPostRetirementBenefitPlansCurrent","4,200,000","4,300,000","6,200,000","5,700,000","7,100,000","6,400,000","12,700,000","12,700,000","21,300,000","70,600,000",,,,,,,,,,,,,,,,,,,,,,,,,
"		CurrentDebtAndCapitalLeaseObligation","363,900,000","259,200,000","547,700,000","192,600,000","94,200,000","112,600,000","525,200,000","697,800,000","56,300,000","46,500,000","134,900,000","55,900,000","30,700,000","125,600,000","106,200,000","80,400,000","101,000,000","16,800,000","249,300,000","271,700,000","176,600,000","358,800,000","155,300,000","200,400,000","566,000,000","487,000,000","131,000,000","119,000,000","63,200,000","63,100,000","99,600,000","101,100,000","74,300,000","103,900,000","73,000,000"
"			CurrentDebt","338,300,000","227,700,000","547,700,000","192,600,000","94,200,000","112,600,000","525,200,000","697,800,000","56,300,000","46,500,000","134,900,000","55,900,000","30,700,000","125,600,000","106,200,000","80,400,000","101,000,000","16,800,000","249,300,000","271,700,000","176,600,000","358,800,000","155,300,000","200,400,000","566,000,000","487,000,000","131,000,000","119,000,000","63,200,000","63,100,000","99,600,000","101,100,000","74,300,000","103,900,000","73,000,000"
"				CommercialPaper","146,300,000",0,"55,200,000",0,"6,300,000","23,900,000","486,600,000","656,000,000",,,,,,,,,,,,,,,,,,,,,,,,,,,
"				OtherCurrentBorrowings","192,000,000","227,700,000","492,500,000","192,600,000","87,900,000","88,700,000","38,600,000","41,800,000",,,,,,,,,,,,,,,,,,,,,,,,,,,
"			CurrentCapitalLeaseObligation","25,600,000","31,500,000",,,,,,,,,,,,,,,,,,,,,,,,,,,,,,,,,
"		CurrentDeferredLiabilities","452,900,000","601,900,000","561,500,000","446,300,000","239,800,000","249,900,000","190,200,000","178,900,000","140,300,000",,,,,,,,,,,,,,,,,,,,,,,,,,
"			CurrentDeferredRevenue","452,900,000","601,900,000","561,500,000","446,300,000","239,800,000","249,900,000","190,200,000","178,900,000","140,300,000",,,,,,,,,,,,,,,,,,,,,,,,,,
"		OtherCurrentLiabilities","175,400,000","117,600,000","68,600,000","55,100,000","113,500,000","80,600,000","171,300,000","88,100,000","31,400,000","18,500,000","24,100,000","49,500,000","20,300,000","37,800,000","58,900,000","46,900,000","109,300,000","93,200,000","24,200,000","106,700,000","566,000,000","551,700,000","570,800,000","600,600,000","569,400,000","457,200,000","461,000,000","535,800,000","547,000,000","529,500,000","477,800,000","469,500,000","1,014,400,000","1,059,600,000","1,065,900,000"
"	TotalNonCurrentLiabilitiesNetMinorityInterest","4,373,200,000","4,587,400,000","3,770,500,000","4,289,800,000","2,708,100,000","2,964,300,000","1,866,100,000","1,676,400,000","1,683,700,000","1,519,500,000","1,167,300,000","1,293,900,000","1,268,400,000","859,300,000","954,000,000","1,069,900,000","1,231,000,000","1,464,700,000","1,546,600,000","1,134,400,000","1,498,600,000","1,630,000,000","1,951,600,000","1,830,000,000","1,973,200,000","1,697,600,000","1,566,600,000","1,396,800,000","1,427,600,000","1,250,000,000","1,491,900,000","1,669,000,000","1,883,700,000","1,774,800,000","2,053,500,000"
"		LongTermProvisions","547,200,000","553,400,000","543,900,000","417,400,000","366,700,000","340,800,000","278,600,000","248,100,000","274,800,000",,,,,,,,,,,,,,,,,,,,,,,,,,
"		LongTermDebtAndCapitalLeaseObligation","3,080,600,000","3,194,300,000","2,196,300,000","3,015,500,000","1,826,800,000","2,070,600,000","1,187,000,000","1,186,500,000","940,600,000","779,100,000","503,000,000","588,000,000","592,900,000","419,600,000","523,500,000","639,800,000","822,200,000","1,033,400,000","1,035,900,000","651,800,000","872,100,000","945,100,000","1,326,400,000","1,140,200,000","1,268,400,000","1,259,000,000","1,207,700,000","749,900,000","843,600,000","929,000,000","1,158,600,000","1,325,600,000","1,468,000,000","1,380,200,000","1,787,300,000"
"			LongTermDebt","2,929,500,000","3,031,100,000","2,179,000,000","2,993,000,000","1,798,800,000","2,036,300,000","1,153,400,000","1,154,100,000","908,800,000","779,100,000","503,000,000","588,000,000","592,900,000","419,600,000","523,500,000","639,800,000","822,200,000","1,033,400,000","1,035,900,000","651,800,000","872,100,000","945,100,000","1,326,400,000","1,140,200,000","1,268,400,000","1,259,000,000","1,207,700,000","749,900,000","843,600,000","929,000,000","1,158,600,000","1,325,600,000","1,468,000,000","1,380,200,000","1,787,300,000"
"			LongTermCapitalLeaseObligation","151,100,000","163,200,000","17,300,000","22,500,000","28,000,000","34,300,000","33,600,000","32,400,000","31,800,000",,,,,,,,,,,,,,,,,,,,,,,,,,
"		NonCurrentDeferredLiabilities","474,600,000","568,900,000","682,700,000","455,900,000","197,900,000","202,300,000","84,400,000","110,500,000","39,800,000",,,,,,,,,,,,,,,,,,,,,"122,100,000","104,200,000","88,000,000","125,700,000","112,900,000","257,600,000"
"			NonCurrentDeferredTaxesLiabilities","350,000,000","333,200,000","330,800,000","173,200,000","167,400,000","173,200,000","51,300,000","73,100,000",,,,,,,,,,,,,,,,,,,,,,"122,100,000","104,200,000","88,000,000","125,700,000","112,900,000","257,600,000"
"			NonCurrentDeferredRevenue","89,400,000","206,000,000","327,600,000","243,900,000",,,,,,,,,,,,,,,,,,,,,,,,,,,,,,,
"		TradeandOtherPayablesNonCurrent","107,800,000","123,600,000","145,600,000","186,500,000",,,,,,,,,,,,,,,,,,,,,,,,,,,,,,,
"		NonCurrentAccruedExpenses",,,,,,,,,,"213,300,000","209,900,000","364,800,000","366,100,000",,,,,,,,,,,,,,,,,,,,,,
"		EmployeeBenefits","46,400,000","44,200,000","47,200,000","59,300,000","140,400,000","194,200,000","238,700,000","57,800,000","375,800,000","368,700,000","307,500,000",,,,,,,,,,,,,,,,,,,,,,,,
"			NonCurrentPensionAndOtherPostretirementBenefitPlans","46,400,000","44,200,000","47,200,000","59,300,000","140,400,000","194,200,000","238,700,000","57,800,000","375,800,000","368,700,000","307,500,000",,,,,,,,,,,,,,,,,,,,,,,,
"		DerivativeProductLiabilities","800,000","200,000",,,,,,,,,,,,,,,,,,,,,,,,,,,,,,,,,
"		LiabilitiesHeldforSaleNonCurrent",,0,,0,,0,,0,,,,,,,,,,,,,,,,,,,,,,,,,,,
"		OtherNonCurrentLiabilities","115,800,000","102,800,000","154,800,000","155,200,000","176,300,000","156,400,000","77,400,000","73,500,000","52,700,000","158,400,000","146,900,000","341,100,000","309,400,000","439,700,000","430,500,000","430,100,000","408,800,000","431,300,000","510,700,000","482,600,000","626,500,000","684,900,000","625,200,000","689,800,000","704,800,000","438,600,000","358,900,000","646,900,000","584,000,000","198,900,000","229,100,000","255,400,000","290,000,000","281,700,000","8,600,000"
TotalEquityGrossMinorityInterest,"2,984,200,000","2,561,400,000","3,210,400,000","2,707,100,000","1,993,000,000","1,908,300,000","1,564,000,000","1,572,100,000","1,554,800,000","1,304,100,000","1,189,200,000","1,133,100,000","966,400,000","1,122,700,000","1,078,500,000","1,010,800,000","927,300,000","636,600,000","450,800,000","263,600,000","847,400,000","789,800,000","802,900,000","818,600,000","995,200,000","810,800,000","516,000,000","260,300,000","274,900,000","372,600,000","212,600,000","-44,400,000","-223,600,000","-343,200,000","-506,600,000"
"	StockholdersEquity","2,961,800,000","2,532,300,000","3,121,100,000","2,681,800,000","1,957,700,000","1,865,700,000","1,530,500,000","1,519,800,000","1,480,300,000","1,240,600,000","1,131,500,000","1,076,400,000","902,900,000","1,064,300,000","1,019,500,000","959,300,000","876,200,000","588,300,000","406,000,000","218,800,000","800,400,000","743,600,000","729,400,000","760,600,000","855,800,000","653,400,000","416,500,000","216,900,000","219,000,000","309,800,000","149,600,000","-70,600,000","-223,600,000","-343,200,000","-506,600,000"
"		CapitalStock","18,600,000","18,600,000","18,600,000","18,600,000","18,600,000","18,600,000","18,600,000","18,600,000","18,600,000","9,300,000","9,300,000","9,300,000","9,300,000","9,300,000","4,600,000","4,600,000","4,500,000","4,300,000","4,300,000","3,900,000","3,900,000","3,800,000",,,,,,,,,,,,,
"			PreferredStock",0,0,0,0,0,0,0,0,0,0,0,0,0,,,,,,,,,,,,,,,,,,,,,,
"			CommonStock","18,600,000","18,600,000","18,600,000","18,600,000","18,600,000","18,600,000","18,600,000","18,600,000","18,600,000","9,300,000","9,300,000","9,300,000","9,300,000","9,300,000","4,600,000","4,600,000","4,500,000","4,300,000","4,300,000","3,900,000","3,900,000","3,800,000",,,,,,,,,,,,,
"		AdditionalPaidInCapital","860,200,000","829,700,000","776,200,000","450,700,000","418,600,000","417,700,000","401,900,000","448,300,000","481,900,000","463,800,000","443,600,000","388,600,000","395,500,000","407,500,000","431,000,000","427,700,000","397,400,000","338,800,000","334,100,000","217,500,000","181,600,000","165,800,000",,,,,,,,,,,,,
"		RetainedEarnings","4,506,400,000","4,188,800,000","4,334,300,000","3,952,400,000","3,505,500,000","3,385,000,000","2,984,500,000","2,757,300,000","2,536,500,000","2,176,200,000","1,853,000,000","1,716,900,000","1,524,700,000","1,255,800,000","1,166,400,000","1,062,200,000","945,600,000","774,600,000","748,100,000","691,800,000","1,398,900,000","1,288,300,000","1,075,700,000","969,200,000","806,800,000","596,100,000","380,500,000","207,100,000","170,800,000","57,000,000","82,700,000","-72,600,000","-209,000,000","-338,200,000","-454,900,000"
"		TreasuryStock","2,141,200,000","2,092,800,000","1,699,100,000","1,499,600,000","1,506,600,000","1,498,300,000","1,498,700,000","1,502,500,000","1,147,800,000","1,018,700,000","862,700,000","759,200,000","750,500,000","598,400,000","525,400,000","489,100,000","504,000,000","507,600,000","507,600,000","507,600,000","511,400,000","510,800,000",,,,,,,,,,,,,
"		GainsLossesNotAffectingRetainedEarnings","-282,200,000","-412,000,000","-308,900,000","-240,300,000","-478,400,000","-457,300,000","-375,800,000","-201,900,000","-408,900,000","-390,000,000","-311,700,000","-279,200,000","-276,100,000","-9,900,000","-57,100,000","-46,100,000","32,700,000","-21,800,000","-172,900,000","-186,800,000","-272,600,000","-203,500,000",,,,,,,,,,,,,
"			ForeignCurrencyTranslationAdjustments",,,,,,,,,,,,,,"37,800,000","4,200,000",,,,,,,,,,,,,,,,,,,,
"			OtherEquityAdjustments",,,,,,,,,,,,,,"-47,700,000","-61,300,000",,,,,,,,,,,,,,,,,,,,
"		OtherEquityInterest",,,,,,,,,,,,,,,,,,,,,,,"-346,300,000","-208,600,000","49,000,000","57,300,000","36,000,000","9,800,000","48,200,000","252,800,000","66,900,000","2,000,000","-14,600,000","-5,000,000","-51,700,000"
"	MinorityInterest","22,400,000","29,100,000","89,300,000","25,300,000","35,300,000","42,600,000","33,500,000","52,300,000","74,500,000","63,500,000","57,700,000","56,700,000","63,500,000","58,400,000","59,000,000","51,500,000","51,100,000","48,300,000","44,800,000","44,800,000","47,000,000","46,200,000","73,500,000","58,000,000","139,400,000","157,400,000","99,500,000","43,400,000","55,900,000","62,800,000","63,000,000","26,200,000",,,
TotalCapitalization,"5,891,300,000","5,563,400,000","5,300,100,000","5,674,800,000","3,756,500,000","3,902,000,000","2,683,900,000","2,673,900,000","2,389,100,000","2,019,700,000","1,634,500,000","1,664,400,000","1,495,800,000","1,483,900,000","1,543,000,000","1,599,100,000","1,698,400,000","1,621,700,000","1,441,900,000","870,600,000","1,672,500,000","1,688,700,000","2,055,800,000","1,900,800,000","2,124,200,000","1,912,400,000","1,624,200,000","966,800,000","1,062,600,000","1,238,800,000","1,308,200,000","1,255,000,000","1,244,400,000","1,037,000,000","1,280,700,000"
CommonStockEquity,"2,961,800,000","2,532,300,000","3,121,100,000","2,681,800,000","1,957,700,000","1,865,700,000","1,530,500,000","1,519,800,000","1,480,300,000","1,240,600,000","1,131,500,000","1,076,400,000","902,900,000","1,064,300,000","1,019,500,000","959,300,000","876,200,000","588,300,000","406,000,000","218,800,000","800,400,000","743,600,000","729,400,000","760,600,000","855,800,000","653,400,000","416,500,000","216,900,000","219,000,000","309,800,000","149,600,000","-70,600,000","-223,600,000","-343,200,000","-506,600,000"
CapitalLeaseObligations,"176,700,000","194,700,000","17,300,000","22,500,000","28,000,000","34,300,000","33,600,000","32,400,000","31,800,000",,,,,,,,,,,,,,,,,,,,,,,,,,
NetTangibleAssets,"-1,290,300,000","-1,681,200,000","-1,114,500,000","-1,175,500,000","352,000,000","216,100,000","897,700,000","825,600,000","937,400,000","827,400,000","937,100,000","866,900,000","705,900,000","884,100,000","855,900,000","810,700,000","706,400,000","432,000,000","276,300,000","102,500,000","305,800,000","237,900,000","330,300,000","340,200,000","357,000,000","307,800,000","416,500,000","125,200,000","155,800,000","284,000,000","79,400,000","-131,200,000","-297,700,000","-423,700,000","-611,400,000"
WorkingCapital,"1,546,600,000","1,350,900,000","1,036,800,000","1,443,300,000","1,411,000,000","1,518,600,000","1,024,000,000","958,300,000","1,046,400,000","949,500,000","682,800,000","778,500,000","673,700,000","442,700,000","365,300,000","408,000,000","252,600,000","282,200,000","301,100,000","-258,900,000","-70,100,000","-159,500,000","269,800,000","251,100,000","171,700,000","12,200,000","107,400,000","3,700,000","-1,100,000","-13,200,000","40,600,000","117,600,000","227,900,000","-93,700,000","-37,700,000"
InvestedCapital,"6,229,600,000","5,791,100,000","5,847,800,000","5,867,400,000","3,850,700,000","4,014,600,000","3,209,100,000","3,371,700,000","2,445,400,000","2,066,200,000","1,769,400,000","1,720,300,000","1,526,500,000","1,609,500,000","1,649,200,000","1,679,500,000","1,799,400,000","1,638,500,000","1,691,200,000","1,142,300,000","1,849,100,000","2,047,500,000","2,211,100,000","2,101,200,000","2,690,200,000","2,399,400,000","1,755,200,000","1,085,800,000","1,125,800,000","1,301,900,000","1,407,800,000","1,356,100,000","1,318,700,000","1,140,900,000","1,353,700,000"
TangibleBookValue,"-1,290,300,000","-1,681,200,000","-1,114,500,000","-1,175,500,000","352,000,000","216,100,000","897,700,000","825,600,000","937,400,000","827,400,000","937,100,000","866,900,000","705,900,000","884,100,000","855,900,000","810,700,000","706,400,000","432,000,000","276,300,000","102,500,000","305,800,000","237,900,000","330,300,000","340,200,000","357,000,000","307,800,000","416,500,000","125,200,000","155,800,000","284,000,000","79,400,000","-131,200,000","-297,700,000","-423,700,000","-611,400,000"
TotalDebt,"3,444,500,000","3,453,500,000","2,744,000,000","3,208,100,000","1,921,000,000","2,183,200,000","1,712,200,000","1,884,300,000","996,900,000","825,600,000","637,900,000","643,900,000","623,600,000","545,200,000","629,700,000","720,200,000","923,200,000","1,050,200,000","1,285,200,000","923,500,000","1,048,700,000","1,303,900,000","1,481,700,000","1,340,600,000","1,834,400,000","1,746,000,000","1,338,700,000","868,900,000","906,800,000","992,100,000","1,258,200,000","1,426,700,000","1,542,300,000","1,484,100,000","1,860,300,000"
NetDebt,"2,698,900,000","2,919,700,000","2,565,000,000","2,902,600,000","1,828,800,000","2,070,300,000","1,569,100,000","1,728,700,000","888,000,000","666,700,000","476,400,000","567,300,000","571,200,000","469,700,000","464,200,000","513,800,000","710,800,000","993,200,000","1,195,600,000","900,100,000","1,023,600,000","1,239,900,000","1,420,000,000","1,277,900,000","1,759,600,000","1,675,100,000","1,240,300,000","791,400,000","882,500,000","947,900,000","1,165,200,000","1,332,200,000","1,411,500,000","1,299,500,000","1,676,100,000"
ShareIssued,"185,983,792","185,983,792","185,983,792","185,983,792","185,983,792","185,983,792","185,983,792","185,983,792","185,983,792","185,983,792","185,983,792","185,983,792","185,983,792","150,258,802","153,270,116","154,062,648","148,115,760","141,045,600","140,288,172","125,221,188","122,578,560","121,422,568","130,812,000","139,696,000","148,720,000","147,365,640","146,175,340","144,724,000","143,492,000","141,080,000","139,052,000","137,996,000","137,020,000","180,696,000","180,144,000"
OrdinarySharesNumber,"129,353,583","129,124,294","132,281,614","134,330,556","133,690,106","133,655,777","133,317,671","132,885,689","137,670,378","139,674,316","142,971,688","145,037,760","145,019,918","150,258,802","153,270,116","154,062,648","148,115,760","141,045,600","140,288,172","125,221,188","122,578,560","121,422,568","130,812,000","139,696,000","148,720,000","147,365,640","146,175,340","144,724,000","143,492,000","141,080,000","139,052,000","137,996,000","137,020,000","180,696,000","180,144,000"
TreasurySharesNumber,"56,630,209","56,859,498","53,702,178","51,653,236","52,293,686","52,328,015","52,666,121","53,098,103","48,313,414","46,309,476","43,012,104","40,946,032","40,963,874",,,,,,,,,,,,,,,,,,,,,,
,,,,,,,,,,,,,,,,,,,,,,,,,,,,,,,,,,,
ROA,0.054140815,0.048355566,0.050339372,0.058199277,0.034059258,0.077301254,0.057578878,0.056139211,0.095155353,0.097742754,0.051959396,0.072858874,0.101740205,0.048437843,0.048263254,0.042554745,0.053787268,0.00936793,0.022910864,-0.136323268,0.029525615,0.053205866,0.025561636,0.039483601,0.042226141,0.050126712,0.051738028,0.012903914,-0.026781292,0.061478903,0.0524804,0.055587088,0.047002328,0.073677315,0.056780103
Operating Margin,0.217466233,0.191743677,0.195080164,0.112763149,0.149890324,0.052525561,0.144091934,0.18083514,0.184216845,0.183457178,0.172961525,0.16541646,0.176644304,0.149227088,0.140051129,0.130173937,0.111544462,0.102321224,0.100868908,-0.067884714,0.095911349,0.091081594,0.083135392,0.074873626,0.093000827,0.079803982,0.078463149,0.015344042,0.077232806,0.083269221,0.082531836,0.088153463,0.085521312,0.085661495,0.08285876
Net Margin,0.217466233,0.191743677,0.195080164,0.112763149,0.149890324,0.052525561,0.144091934,0.18083514,0.184216845,0.183457178,0.172961525,0.16541646,0.176644304,0.149227088,0.140051129,0.130173937,0.111544462,0.102321224,0.100868908,-0.067884714,0.095911349,0.091081594,0.083135392,0.074873626,0.093000827,0.079803982,0.078463149,0.015344042,0.077232806,0.083269221,0.082531836,0.088153463,0.085521312,0.085661495,0.08285876
Return On Equity,0.186204335,0.188524266,0.160872769,0.199791185,0.106809011,0.262100016,0.200914734,0.193380708,0.281159224,0.294937933,0.152452497,0.21228168,0.337357404,0.124401015,0.129475233,0.121546961,0.182834969,0.045045045,0.162068966,-1.543418647,0.13818091,0.285906401,0.14601042,0.213515646,0.246202384,0.32996633,0.416326531,0.16735823,-0.3456621,0.558747579,1.038101604,-2.219546742,-0.577817531,-0.557109557,-0.301026451
Current Ratio,1.546694945,1.495943317,1.346361996,1.653254277,1.98108747,2.044932223,1.5360134,1.482357679,1.921613528,2.032177411,1.70873988,2.097715736,1.887498353,1.589166888,1.52,1.618838162,1.308011218,1.38790378,1.344271667,0.760100074,0.949924995,0.898794416,1.191090021,1.171457835,1.08494113,1.006805377,1.08464024,1.003200692,0.999021439,0.988935457,1.032358333,1.098459478,1.209332231,0.919467125,0.966897884
Quick ratio,1.15942029,1.122581593,0.979788869,1.204037295,1.491934362,1.494323264,1.202837102,1.135853425,1.326492866,1.520926188,1.347726801,1.603496898,1.385851666,1.223183391,1.207686833,1.291672987,1.042799659,1.123161512,1.139835353,0.568106004,0.645474677,0.608375635,0.824420993,0.813588255,0.671712674,0.66374742,0.766333044,0.771280277,0.714971978,0.683151718,0.676416673,0.726808439,0.819233949,0.56390202,0.59083326
