name,12/31/2020,12/31/2019,12/31/2018,12/31/2017,12/31/2016,12/31/2015,12/31/2014,12/31/2013,12/31/2012,12/31/2011,12/31/2010,12/31/2009,12/31/2008,12/31/2007,12/31/2006,12/31/2005,12/31/2004,12/31/2003,12/31/2002,12/31/2001,12/31/2000,12/31/1999,12/31/1998,12/31/1997,12/31/1996,12/31/1995,12/31/1994,12/31/1993,12/31/1992,12/31/1991,12/31/1990,12/31/1989,12/31/1988
TotalRevenue,"20,908,000,000","20,023,000,000","19,636,000,000","4,547,000,000","4,456,000,000","6,279,000,000","7,115,000,000","7,305,000,000","7,927,000,000","8,715,000,000","6,538,600,000","3,976,700,000","9,446,500,000","5,234,200,000","3,766,700,000","3,847,200,000","3,244,400,000","2,465,800,000","1,913,800,000","2,072,700,000","2,231,600,000","2,061,064,000","2,307,800,000","2,325,900,000","1,403,900,000","906,900,000","425,400,000","313,200,000","291,000,000","265,200,000","238,500,000","277,900,000","305,800,000"
"	OperatingRevenue","20,908,000,000","20,023,000,000","19,636,000,000","4,547,000,000","4,456,000,000","6,279,000,000","7,115,000,000","7,305,000,000","7,927,000,000","8,715,000,000","6,538,600,000","3,976,700,000","9,446,500,000","5,234,200,000","3,766,700,000","3,847,200,000","3,244,400,000","2,465,800,000","1,913,800,000","2,072,700,000","2,231,600,000","2,061,064,000","2,307,800,000","2,325,900,000","1,403,900,000","906,900,000","425,400,000","313,200,000","291,000,000","265,200,000","238,500,000","277,900,000","305,800,000"
CostOfRevenue,"15,669,000,000","14,582,000,000","14,244,000,000","3,872,000,000","3,626,000,000","4,010,000,000","4,468,000,000","4,515,000,000","4,517,000,000","4,429,000,000","3,913,600,000","2,950,700,000","457,300,000","3,353,000,000","2,764,700,000","2,722,200,000","2,563,000,000","2,085,400,000","1,612,200,000","1,673,500,000","1,748,800,000","1,461,687,000","1,507,500,000","1,570,800,000","920,400,000","526,400,000","216,500,000","156,400,000","148,100,000","130,000,000","124,700,000","114,100,000","127,500,000"
GrossProfit,"5,239,000,000","5,441,000,000","5,392,000,000","675,000,000","830,000,000","2,269,000,000","2,647,000,000","2,790,000,000","3,410,000,000","4,286,000,000","2,625,000,000","1,026,000,000","4,907,400,000","1,881,200,000","1,002,000,000","1,125,000,000","681,400,000","380,400,000","301,600,000","399,200,000","482,800,000","599,377,000","800,300,000","755,100,000","483,500,000","380,500,000","208,900,000","156,800,000","142,900,000","135,200,000","113,800,000","163,800,000","178,300,000"
OperatingExpense,"3,548,000,000","3,359,000,000","3,177,000,000","385,000,000","353,000,000","588,000,000","520,000,000","438,000,000","411,000,000","364,000,000","321,400,000","-166,200,000","272,300,000","292,700,000","126,500,000","232,400,000","163,500,000","119,900,000","134,700,000","129,500,000","188,200,000","384,485,000","387,000,000","340,000,000","190,600,000","172,900,000","122,400,000","96,500,000","96,500,000","91,300,000","83,500,000","87,500,000","63,900,000"
"	SellingGeneralAndAdministration","3,311,000,000","3,013,000,000","2,876,000,000","214,000,000","212,000,000","239,000,000","245,000,000","223,000,000","213,000,000","211,000,000","228,100,000","183,600,000","188,400,000","212,600,000","158,400,000","144,500,000","130,600,000","96,100,000","91,700,000","99,700,000","111,000,000","116,294,000","116,000,000","99,700,000","60,300,000","58,500,000","50,700,000","45,900,000","44,900,000","38,800,000","34,500,000","34,400,000","31,600,000"
"		GeneralAndAdministrativeExpense","498,000,000","508,000,000","539,000,000",,,,,"223,000,000","213,000,000","211,000,000",,,,,,,,,,,,,,,,,,,,,,,
"			SalariesAndWages","69,000,000","104,000,000",,,,,,"102,000,000","99,000,000","98,000,000",,,,,,,,,,,,,,,,,,,,,,,
"			OtherGandA","429,000,000","404,000,000","539,000,000",,,,,"121,000,000","114,000,000","113,000,000",,,,,,,,,,,,,,,,,,,,,,,
"		SellingAndMarketingExpense","2,813,000,000","2,505,000,000","2,337,000,000",,,,,,,,,,,,,,,,,,,,,,,,,,,,,,
"	DepreciationAmortizationDepletionIncomeStatement",,,,,,,,"8,000,000","6,000,000","6,000,000",,,,,,,,,,,,"191,106,000","190,900,000","170,000,000","90,100,000","71,000,000","39,300,000","31,700,000","32,400,000","33,900,000","31,800,000","33,600,000","32,300,000"
"		DepreciationAndAmortizationInIncomeStatement",,,,,,,,"8,000,000","6,000,000",,,,,,,,,,,,,"191,106,000","190,900,000","170,000,000","90,100,000","71,000,000","39,300,000","31,700,000","32,400,000","33,900,000","31,800,000","33,600,000","32,300,000"
"	OtherTaxes","204,000,000","292,000,000","250,000,000","151,000,000","124,000,000","310,000,000","257,000,000","194,000,000","180,000,000","147,000,000","76,500,000","29,000,000","543,400,000","135,400,000","66,500,000","137,200,000","92,600,000","57,000,000","68,000,000","70,000,000","77,200,000","77,085,000","80,100,000","70,300,000","40,200,000","43,400,000","32,400,000","18,900,000","19,200,000","18,600,000","17,200,000","19,500,000",
"	OtherOperatingExpenses","33,000,000","54,000,000","51,000,000","20,000,000","17,000,000","39,000,000","18,000,000","13,000,000","12,000,000",,"16,800,000","-378,800,000","-459,500,000","-55,300,000","-98,400,000","-49,300,000","-59,700,000","-33,200,000","-25,000,000","-40,200,000",,,,,,,,,,,,,
OperatingIncome,"1,691,000,000","2,082,000,000","2,215,000,000","290,000,000","477,000,000","1,681,000,000","2,127,000,000","2,352,000,000","2,999,000,000","3,922,000,000","2,303,600,000","1,192,200,000","8,716,900,000","1,588,500,000","875,500,000","892,600,000","517,900,000","260,500,000","166,900,000","269,700,000","294,600,000","214,892,000","413,300,000","415,100,000","292,900,000","207,600,000","86,500,000","60,300,000","46,400,000","43,900,000","30,300,000","76,300,000","114,400,000"
NetNonOperatingInterestIncomeExpense,"-487,000,000","-500,000,000","-487,000,000","-221,000,000","-202,000,000","-179,000,000","-169,000,000","-131,000,000","-102,000,000","-159,000,000","-99,100,000","-120,900,000","-62,800,000",,,,,,,,,,,,,,,,,,,,
"	InterestIncomeNonOperating","1,000,000","5,000,000","17,000,000","2,000,000","3,000,000","2,000,000","1,000,000","3,000,000","4,000,000",,"7,700,000","10,500,000","17,700,000",,,,,,,,,,,,,,,,,,,,
"	InterestExpenseNonOperating","488,000,000","505,000,000","504,000,000","223,000,000","205,000,000","181,000,000","170,000,000","134,000,000","106,000,000","159,000,000","106,800,000","131,400,000","80,500,000",,,,,,,,,,,,,,,,,,,,
"	TotalOtherFinanceCost",,"54,000,000","51,000,000","17,000,000","14,000,000","13,000,000","15,000,000","13,000,000","12,000,000",,,,,,,,,,,,,,,,,,,,,,,,
OtherIncomeExpense,"-822,000,000","-274,000,000","-1,852,000,000","-98,000,000","91,000,000","219,000,000","206,000,000","251,000,000","8,000,000","384,000,000",,,,"55,300,000","98,400,000","49,300,000","-290,500,000","-599,000,000","25,000,000","40,200,000","7,900,000","-1,157,110,000","32,800,000","32,400,000","6,600,000","16,600,000","12,000,000",,"10,100,000","4,700,000","10,400,000","7,200,000","2,500,000"
"	GainOnSaleOfSecurity","232,000,000","-42,000,000","10,000,000","-21,000,000","24,000,000","98,000,000","125,000,000","110,000,000","151,000,000",,,,,,,,,,,,,,,,,,,,,,,,
"	EarningsFromEquityInterest","73,000,000","66,000,000",,"7,000,000","95,000,000","121,000,000","102,000,000","195,000,000","278,000,000","261,000,000",,,,"76,200,000",,,,,,,,,,,,,,,,,,,
"	SpecialIncomeCharges","-944,000,000","-242,000,000","-1,822,000,000","-84,000,000","-28,000,000",0,"-21,000,000","-3,000,000","-384,000,000","123,000,000",,,,"-20,900,000","98,400,000","49,300,000","-290,500,000","-599,000,000","25,000,000","40,200,000","7,900,000","-1,157,110,000","32,800,000","32,400,000","6,600,000","16,600,000","12,000,000",,"10,100,000","4,700,000","10,400,000","7,200,000","2,500,000"
"		RestructuringAndMergernAcquisition","60,000,000","98,000,000","13,000,000","84,000,000","18,000,000",,,,,,,,,,,,,,,,,,,,,,,,,,,,
"		ImpairmentOfCapitalAssets","824,000,000","120,000,000","1,809,000,000",,,,,,,,,,,,,,,,,,,,,,,,,,,,,,
"		WriteOff","6,000,000","144,000,000",,0,"10,000,000",0,"38,000,000",0,"341,000,000",,,,,,,,,,,,,,,,,,,,,,,,
"		OtherSpecialCharges","48,000,000",,,,,,"-17,000,000","3,000,000","43,000,000",,,,,,,,,,,,,,,,,,,,,,,,
"		GainOnSaleOfBusiness","-6,000,000",,,,,,,,,,,,,,,,,,,,,,,,,,,,,,,,
"	OtherNonOperatingIncomeExpenses","-183,000,000","-56,000,000","-40,000,000","-3,000,000","-3,000,000","-26,000,000",,"-51,000,000","-37,000,000",,,,,,,,,,,,,,,,,,,,,,,,
PretaxIncome,"382,000,000","1,308,000,000","-124,000,000","-29,000,000","366,000,000","1,721,000,000","2,164,000,000","2,472,000,000","2,905,000,000","4,147,000,000","2,449,000,000","1,071,300,000","4,572,300,000","1,513,800,000","789,900,000","810,300,000","430,300,000","-146,900,000","83,800,000","189,400,000","265,200,000","-404,525,000","378,500,000","366,200,000","252,700,000","182,400,000","94,700,000","51,100,000","47,400,000","35,600,000",,,"105,600,000"
TaxProvision,"-77,000,000","316,000,000","-93,000,000","-183,000,000","43,000,000","451,000,000","628,000,000","687,000,000","826,000,000","1,066,000,000","642,800,000","83,500,000","1,077,100,000","416,200,000","158,100,000","267,400,000","131,700,000","-20,600,000","30,200,000","68,200,000","67,200,000","7,469,000","117,500,000","69,100,000","43,700,000","22,900,000","3,500,000","3,400,000","1,600,000","-3,500,000",,,"16,700,000"
NetIncomeCommonStockholders,"459,000,000","992,000,000","3,573,000,000","327,000,000","323,000,000","1,270,000,000","1,536,000,000","1,785,000,000","2,079,000,000","3,081,000,000","1,806,200,000","987,800,000","3,495,200,000","1,103,600,000","631,800,000","542,900,000","298,600,000","-126,300,000","53,600,000","121,200,000","198,000,000","-411,994,000","261,000,000","297,100,000","209,000,000","159,500,000","91,200,000","47,700,000","45,800,000","39,100,000","21,900,000","71,200,000","88,900,000"
"	NetIncome","459,000,000","992,000,000","3,573,000,000","327,000,000","323,000,000","1,270,000,000","1,536,000,000","1,785,000,000","2,079,000,000","3,081,000,000","1,806,200,000","987,800,000","3,495,200,000","1,103,600,000","631,800,000","542,900,000","298,600,000","-126,300,000","53,600,000","121,200,000","198,000,000","-411,994,000","261,000,000","297,100,000","209,000,000","159,500,000","91,200,000","47,700,000","45,800,000","39,100,000","21,900,000","71,200,000","88,900,000"
"		NetIncomeIncludingNoncontrollingInterests","459,000,000","992,000,000","3,573,000,000","327,000,000","323,000,000","1,270,000,000","1,536,000,000","1,785,000,000","2,079,000,000","3,081,000,000","1,806,200,000","987,800,000","3,495,200,000","1,103,600,000","631,800,000","542,900,000","298,600,000","-126,300,000","53,600,000","121,200,000","198,000,000","-411,994,000","261,000,000","297,100,000","209,000,000","159,500,000","91,200,000","47,700,000","45,800,000","39,100,000","21,900,000","71,200,000","88,900,000"
"			NetIncomeContinuousOperations","459,000,000","992,000,000","-31,000,000","154,000,000","323,000,000","1,270,000,000","1,536,000,000","1,785,000,000","2,079,000,000","3,081,000,000","1,806,200,000","987,800,000","3,495,200,000","1,103,600,000","631,800,000","542,900,000","298,600,000","-126,300,000","53,600,000","121,200,000","198,000,000","-411,994,000","261,000,000","297,100,000","209,000,000","159,500,000","91,200,000","47,700,000","45,800,000","39,100,000","21,900,000","71,200,000","88,900,000"
"			NetIncomeDiscontinuousOperations",,0,"3,604,000,000","173,000,000",,,,,,,,,,,,,,,,,,,,,,,,,,,,,
DilutedNIAvailtoComStockholders,"459,000,000","992,000,000","3,573,000,000","327,000,000","323,000,000","1,270,000,000","1,536,000,000","1,785,000,000","2,079,000,000","3,081,000,000","1,806,200,000","987,800,000","3,495,200,000","1,103,600,000","631,800,000","542,900,000","298,600,000","-126,300,000","53,600,000","121,200,000","198,000,000","-411,994,000","261,000,000","297,100,000","209,000,000","159,500,000","91,200,000","47,700,000","45,800,000","39,100,000","21,900,000","71,200,000","88,900,000"
BasicEPS,,1.7,5.72,0.975,1,3.8,4.575,5.15,6.05,9,5.1,2.783,9.475,2.917,1.689,1.389,0.769,-0.336,0.143,0.325,0.525,-1.056,0.669,0.789,0.638,0.511,0.294,0.167,0.164,0.14,0.082,0.283,0.28
DilutedEPS,,1.7,5.72,0.975,1,3.8,4.55,5.1,5.925,8.775,4.95,2.708,9.175,2.833,1.653,1.358,0.75,-0.336,0.143,0.322,0.525,-1.056,0.669,0.789,0.638,0.511,0.294,0.167,0.164,0.14,0.082,0.283,0.28
BasicAverageShares,,"582,269,000","624,900,000","336,031,600","335,571,200","333,656,400","335,240,400","345,838,400","344,013,200","342,270,800","354,548,400","355,170,660","368,976,000","378,769,200","374,256,000","390,844,800","388,681,200","376,056,000","374,679,612","372,923,077","377,142,857","390,310,105","389,875,519","376,605,634","327,843,137","312,377,595","310,045,895","286,486,486","279,737,364","279,011,685","267,521,759","251,545,663","317,188,476"
DilutedAverageShares,,"583,102,000","624,900,000","336,126,400","335,783,600","334,939,600","337,817,600","349,592,800","350,362,800","350,654,800","364,437,200","364,726,154","380,925,600","389,169,600","382,428,000","399,880,800","398,660,400","376,056,000","374,679,612","376,137,931","377,142,857","391,261,608","390,170,275","376,605,634","327,843,137","312,377,595","310,045,895","286,486,486","279,737,364","279,011,685","267,521,759","251,545,663","317,188,476"
TotalOperatingIncomeAsReported,"902,000,000","1,862,000,000","414,000,000","209,000,000","582,000,000","1,913,000,000","2,348,000,000","2,616,000,000","3,019,000,000","4,306,000,000","2,548,100,000","1,192,200,000","4,635,100,000","1,588,500,000","875,500,000","892,600,000","514,300,000","-55,600,000","166,900,000","269,700,000","270,300,000","-376,625,000","413,300,000","415,100,000","292,900,000","207,600,000","86,500,000","60,300,000","46,400,000","43,900,000","30,300,000","76,300,000","114,400,000"
RentExpenseSupplemental,,,"38,000,000",,,,,,,,,,,,,,,,,,,,,,,,,,,,,,
TotalExpenses,"19,217,000,000","17,941,000,000","17,421,000,000","4,257,000,000","3,979,000,000","4,598,000,000","4,988,000,000","4,953,000,000","4,928,000,000","4,793,000,000","4,235,000,000","2,784,500,000","729,600,000","3,645,700,000","2,891,200,000","2,954,600,000","2,726,500,000","2,205,300,000","1,746,900,000","1,803,000,000","1,937,000,000","1,846,172,000","1,894,500,000","1,910,800,000","1,111,000,000","699,300,000","338,900,000","252,900,000","244,600,000","221,300,000","208,200,000","201,600,000","191,400,000"
InterestIncome,"1,000,000","5,000,000","17,000,000","2,000,000","3,000,000","2,000,000","1,000,000","3,000,000","4,000,000",,"7,700,000","10,500,000","17,700,000",,,,,,,,,,,,,,,,,,,,
InterestExpense,"488,000,000","505,000,000","504,000,000","223,000,000","205,000,000","181,000,000","170,000,000","134,000,000","106,000,000","159,000,000","106,800,000","131,400,000","80,500,000",,,,,,,,,,,,,,,,,,,,
NetInterestIncome,"-487,000,000","-500,000,000","-487,000,000","-221,000,000","-202,000,000","-179,000,000","-169,000,000","-131,000,000","-102,000,000","-159,000,000","-99,100,000","-120,900,000","-62,800,000",,,,,,,,,,,,,,,,,,,,
NetIncomeFromContinuingAndDiscontinuedOperation,"459,000,000","992,000,000","3,573,000,000","327,000,000","323,000,000","1,270,000,000","1,536,000,000","1,785,000,000","2,079,000,000","3,081,000,000","1,806,200,000","987,800,000","3,495,200,000","1,103,600,000","631,800,000","542,900,000","298,600,000","-126,300,000","53,600,000","121,200,000","198,000,000","-411,994,000","261,000,000","297,100,000","209,000,000","159,500,000","91,200,000","47,700,000","45,800,000","39,100,000","21,900,000","71,200,000","88,900,000"
NormalizedIncome,"982,320,000","1,207,840,000","1,300,820,000","231,175,000","326,520,000","1,197,480,000","1,462,160,000","1,707,960,000","2,246,760,000","2,989,617,554.86","1,806,200,000","987,800,000","3,495,200,000","1,118,753,811.60","553,094,948.73","509,869,060.84","500,187,961.89","388,701,361.47","37,609,546.54","95,475,395.99","192,101,809.96","282,272,000","238,382,298.55","270,813,708.36","203,541,353.38","144,984,100.88","79,643,505.81","47,700,000","36,040,928.27","36,280,000","15,660,000","66,880,000","86,795,359.85"
EBIT,"870,000,000","1,813,000,000","380,000,000","194,000,000","571,000,000","1,902,000,000","2,334,000,000","2,606,000,000","3,011,000,000","4,306,000,000","2,555,800,000","1,202,700,000","4,652,800,000","1,588,500,000","875,500,000","892,600,000","517,900,000","260,500,000","166,900,000","269,700,000","294,600,000","214,892,000","413,300,000","415,100,000","292,900,000","207,600,000","86,500,000","60,300,000","46,400,000","43,900,000","30,300,000","76,300,000","114,400,000"
EBITDA,,,,,,,,,,,,,,,,,,,,,,,,,,,,,,,,,
ReconciledCostOfRevenue,"15,669,000,000","14,582,000,000","14,244,000,000","3,872,000,000","3,626,000,000","4,010,000,000","4,468,000,000","3,857,000,000","3,945,000,000","3,946,000,000","3,913,600,000","2,950,700,000","457,300,000","3,353,000,000","2,764,700,000","2,722,200,000","2,563,000,000","2,085,400,000","1,612,200,000","1,673,500,000","1,748,800,000","1,461,687,000","1,507,500,000","1,570,800,000","920,400,000","526,400,000","216,500,000","156,400,000","148,100,000","130,000,000","124,700,000","114,100,000","127,500,000"
ReconciledDepreciation,"1,989,000,000","1,799,000,000","1,592,000,000","692,000,000","695,000,000","685,000,000","701,000,000","666,000,000","578,000,000","489,000,000","410,700,000","312,100,000","327,500,000","291,300,000","242,400,000","242,400,000","240,000,000","227,400,000","219,100,000","185,700,000","187,000,000","191,106,000","190,900,000","170,000,000","90,100,000","71,000,000","39,300,000","31,700,000","32,400,000","33,900,000","31,800,000","33,600,000","32,300,000"
NetIncomeFromContinuingOperationNetMinorityInterest,"459,000,000","992,000,000","-31,000,000","154,000,000","323,000,000","1,270,000,000","1,536,000,000","1,785,000,000","2,079,000,000","3,081,000,000","1,806,200,000","987,800,000","3,495,200,000","1,103,600,000","631,800,000","542,900,000","298,600,000","-126,300,000","53,600,000","121,200,000","198,000,000","-411,994,000","261,000,000","297,100,000","209,000,000","159,500,000","91,200,000","47,700,000","45,800,000","39,100,000","21,900,000","71,200,000","88,900,000"
TotalUnusualItemsExcludingGoodwill,"-712,000,000","-284,000,000","-1,812,000,000","-105,000,000","-4,000,000","98,000,000","104,000,000","107,000,000","-233,000,000","123,000,000",,,,"-20,900,000","98,400,000","49,300,000","-290,500,000","-599,000,000","25,000,000","40,200,000","7,900,000","-1,157,110,000","32,800,000","32,400,000","6,600,000","16,600,000","12,000,000",,"10,100,000","4,700,000","10,400,000","7,200,000","2,500,000"
TotalUnusualItems,"-712,000,000","-284,000,000","-1,812,000,000","-105,000,000","-4,000,000","98,000,000","104,000,000","107,000,000","-233,000,000","123,000,000",,,,"-20,900,000","98,400,000","49,300,000","-290,500,000","-599,000,000","25,000,000","40,200,000","7,900,000","-1,157,110,000","32,800,000","32,400,000","6,600,000","16,600,000","12,000,000",,"10,100,000","4,700,000","10,400,000","7,200,000","2,500,000"
NormalizedEBITDA,"3,571,000,000","3,896,000,000","3,784,000,000","991,000,000","1,270,000,000","2,489,000,000","2,931,000,000","3,165,000,000","3,822,000,000","4,672,000,000","2,966,500,000","1,514,800,000","4,980,300,000","1,900,700,000","1,019,500,000","1,085,700,000","1,048,400,000","1,086,900,000","361,000,000","415,200,000","473,700,000","1,563,108,000","571,400,000","552,700,000","376,400,000","262,000,000","113,800,000","92,000,000","68,700,000","73,100,000","51,700,000","102,700,000","144,200,000"
TaxRateForCalcs,0.265,0.24,0.265,0.265,0.12,0.26,0.29,0.28,0.28,0.257,0.262,0.078,0.236,0.275,0.2,0.33,0.306,0.14,0.36,0.36,0.253,0.4,0.31,0.189,0.173,0.126,0.037,0.067,0.034,0.4,0.4,0.4,0.158
TaxEffectOfUnusualItems,"-188,680,000","-68,160,000","-480,180,000","-27,825,000","-480,000","25,480,000","30,160,000","29,960,000","-65,240,000","31,617,554.86",0,0,0,"-5,746,188.40","19,694,948.73","16,269,060.84","-88,912,038.11","-83,998,638.53","9,009,546.54","14,475,395.99","2,001,809.96","-462,844,000","10,182,298.55","6,113,708.36","1,141,353.38","2,084,100.88","443,505.81",0,"340,928.27","1,880,000","4,160,000","2,880,000","395,359.85"
TotalAssets,"47,192,000,000","46,799,000,000","45,502,000,000","16,998,000,000","17,255,000,000","17,469,000,000","17,724,000,000","17,958,000,000","18,206,000,000","16,257,000,000","15,619,300,000","12,922,200,000","10,248,800,000","9,716,600,000","6,217,000,000","5,357,900,000","5,126,800,000","4,567,300,000","4,685,600,000","4,597,300,000","4,145,700,000","3,916,830,000","4,534,300,000","4,427,600,000","2,488,100,000","2,581,800,000","1,027,800,000","1,098,400,000","1,009,600,000","1,091,000,000","1,106,400,000","1,106,800,000","1,126,300,000"
"	CurrentAssets","11,470,000,000","10,665,000,000","11,662,000,000","3,323,000,000","1,394,000,000","1,553,000,000","1,938,000,000","2,189,000,000","2,496,000,000","2,408,000,000","2,139,900,000","2,271,700,000","2,267,200,000","1,811,300,000","1,310,200,000","1,110,800,000","1,243,600,000","733,900,000","832,000,000","819,600,000","871,700,000","726,235,000","774,200,000","734,500,000","460,700,000","501,100,000","164,700,000","158,600,000","140,800,000","125,000,000","121,700,000","141,700,000","166,900,000"
"		CashCashEquivalentsAndShortTermInvestments","1,454,000,000","671,000,000","2,314,000,000","116,000,000","32,000,000","91,000,000","215,000,000","628,000,000","562,000,000","430,000,000","411,900,000","385,400,000","283,200,000","719,500,000","325,700,000","93,900,000","458,900,000","4,700,000","24,500,000","45,300,000","100,000,000","44,037,000","68,000,000","8,800,000","-6,300,000","40,500,000","16,600,000",,"7,400,000","4,300,000","3,000,000","4,200,000","61,100,000"
"			CashAndCashEquivalents","1,454,000,000","671,000,000","2,314,000,000","116,000,000","32,000,000","91,000,000","215,000,000","628,000,000","562,000,000","430,000,000","411,900,000","385,400,000","276,800,000","719,500,000","325,700,000","93,900,000","458,900,000","4,700,000","24,500,000","45,300,000","100,000,000","44,037,000","68,000,000","8,800,000","-6,300,000","40,500,000","16,600,000",,"7,400,000","4,300,000","3,000,000","4,200,000","61,100,000"
"				CashFinancial","1,375,000,000","532,000,000","1,506,000,000","14,000,000","13,000,000","30,000,000","89,000,000","129,000,000","64,000,000",,,,,,,,,,,,,,,,,,,,,,,,
"				CashEquivalents","79,000,000","139,000,000","808,000,000","102,000,000","19,000,000","61,000,000","126,000,000","499,000,000","498,000,000",,,,,,,,,,,,,,,,,,,,,,,,
"			OtherShortTermInvestments",,,,,,,,,,,,,"6,400,000",,,,,,,,,,,,,,,,,,,,
"		Receivables","3,581,000,000","3,542,000,000","3,342,000,000","468,000,000","518,000,000","589,000,000","910,000,000","638,000,000","939,000,000","1,195,000,000","1,043,700,000","1,137,900,000","1,189,900,000","596,200,000","442,300,000","453,300,000","352,600,000","305,000,000","267,800,000","256,700,000","326,600,000","269,264,000","303,000,000","351,200,000","230,800,000","223,400,000","74,100,000","63,300,000","59,000,000","53,000,000","48,700,000","69,100,000","47,600,000"
"			AccountsReceivable","3,019,000,000","3,047,000,000","2,746,000,000","390,000,000","427,000,000","468,000,000","708,000,000","500,000,000","716,000,000",,"1,013,400,000","507,000,000","1,106,500,000","596,200,000","442,300,000","409,500,000","352,600,000","305,000,000","267,800,000","256,700,000","326,600,000",,,,,,,,,,,,
"				GrossAccountsReceivable","3,088,000,000","3,130,000,000","2,836,000,000","396,000,000","433,000,000","475,000,000","715,000,000","507,000,000","724,000,000",,,,,,,,,,,,,,,,,,,,,,,,
"				AllowanceForDoubtfulAccountsReceivable","-69,000,000","-83,000,000","-90,000,000","-6,000,000","-6,000,000","-7,000,000","-7,000,000","-7,000,000","-8,000,000",,,,,,,,,,,,,,,,,,,,,,,,
"			TaxesReceivable","83,000,000","104,000,000","248,000,000","48,000,000","63,000,000","88,000,000","161,000,000","107,000,000","175,000,000",,"30,300,000","522,000,000",,,,,,,,,,,,,,,,,,,,,
"			OtherReceivables","479,000,000","391,000,000","348,000,000","30,000,000","28,000,000","33,000,000","41,000,000","31,000,000","48,000,000",,,"108,900,000","91,100,000",,,"43,800,000",,,,,,,,,,,,,,,,,
"			ReceivablesAdjustmentsAllowances",,,,,,,,,,,,,"-7,700,000",,,,,,,,,,,,,,,,,,,,
"		Inventory","4,930,000,000","4,975,000,000","4,917,000,000","788,000,000","768,000,000","749,000,000","646,000,000","728,000,000","762,000,000","731,000,000","569,900,000","623,500,000","714,900,000","428,100,000","501,300,000","522,500,000","396,800,000","395,200,000","499,300,000","481,100,000","406,200,000","377,232,000","364,400,000","353,400,000","219,400,000","221,900,000","60,900,000","80,800,000","59,600,000","50,700,000","48,600,000","52,300,000","41,000,000"
"			RawMaterials","664,000,000","615,000,000","653,000,000","326,000,000","325,000,000","322,000,000","294,000,000","303,000,000","263,000,000","238,000,000","188,300,000","161,500,000","176,000,000","170,800,000","264,200,000","254,000,000","50,300,000","54,100,000","44,600,000","65,600,000",,,,,,,,,,,,,
"			WorkInProcess","227,000,000","244,000,000","218,000,000","202,000,000","174,000,000","125,000,000","85,000,000","85,000,000","82,000,000","98,000,000","126,700,000","158,900,000","117,100,000",,,,"67,000,000","72,400,000","166,200,000","156,900,000",,,,,,,,,,,,,
"			FinishedGoods","4,039,000,000","4,116,000,000","4,046,000,000","260,000,000","269,000,000","302,000,000","267,000,000","340,000,000","417,000,000","395,000,000","254,900,000","303,100,000","421,800,000","186,600,000","237,100,000","268,500,000","181,800,000","160,700,000","165,000,000","144,700,000",,,,,,,,,,,,,
"			OtherInventories",,,,,,,,,,,,,,"70,700,000",,,"97,700,000","108,000,000","123,500,000","113,900,000",,,,,,,,,,,,,
"		PrepaidAssets","1,505,000,000","1,477,000,000","1,089,000,000","72,000,000","49,000,000","73,000,000","48,000,000","81,000,000","83,000,000","52,000,000","114,400,000","124,900,000","79,200,000","36,700,000","40,900,000","41,100,000","35,300,000","29,000,000","40,400,000","36,500,000",,,,,,,,,,,,,
"		AssetsHeldForSaleCurrent",,,0,"1,858,000,000",,,,,,,,,,,,,,,,,,,,,,,,,,,,,
"		HedgingAssetsCurrent",,,,"21,000,000","27,000,000","51,000,000","119,000,000","114,000,000","150,000,000",,,,,,,,,,,,,,,,,,,,,,,,
"		OtherCurrentAssets",,,,,,,,,,,,,,"30,800,000",,,,,,,"38,900,000","35,702,000","38,800,000","21,100,000","16,800,000","15,300,000","13,100,000","14,500,000","14,800,000","17,000,000","21,400,000","16,100,000","17,200,000"
"	TotalNonCurrentAssets","35,722,000,000","36,134,000,000","33,840,000,000","13,675,000,000","15,861,000,000","15,916,000,000","15,786,000,000","15,769,000,000","15,710,000,000","13,849,000,000","13,479,400,000","10,650,500,000","7,981,600,000","7,905,300,000","4,906,800,000","4,247,100,000","3,883,200,000","3,833,400,000","3,853,600,000","3,777,700,000","3,274,000,000","3,190,595,000","3,760,100,000","3,693,100,000","2,027,400,000","2,080,700,000","863,100,000","939,800,000","868,800,000","966,000,000","984,700,000","965,100,000","959,400,000"
"		NetPPE","19,660,000,000","20,335,000,000","18,796,000,000","12,971,000,000","13,318,000,000","13,212,000,000","12,674,000,000","12,233,000,000","11,505,000,000","9,922,000,000","8,062,700,000","6,413,300,000","4,812,200,000","3,887,400,000","3,525,800,000","3,262,800,000","3,098,900,000","3,108,100,000","3,269,900,000","3,245,600,000","2,910,100,000","2,877,060,000","3,003,400,000","2,995,600,000","1,978,700,000","2,032,300,000","853,700,000","928,500,000","858,300,000","957,900,000","975,200,000","952,600,000","948,000,000"
"			GrossPPE","33,122,000,000","31,675,000,000","28,814,000,000","20,142,000,000","19,726,000,000","19,083,000,000","17,950,000,000","16,901,000,000","15,681,000,000","13,575,000,000","11,056,400,000","9,125,000,000","7,338,800,000","6,168,100,000","5,599,600,000","5,190,500,000","4,853,800,000","4,684,300,000","4,724,600,000","4,519,900,000","4,021,900,000","3,828,097,000","3,815,800,000","3,657,600,000","2,507,400,000","2,486,400,000","1,242,300,000","1,305,100,000","1,220,200,000","1,321,700,000","1,307,000,000","1,258,200,000","1,213,400,000"
"				MineralProperties","2,279,000,000","2,068,000,000","1,954,000,000","1,985,000,000","1,930,000,000","1,384,000,000","1,301,000,000","1,128,000,000","1,090,000,000","827,000,000",,,,,,,,,,,,,,,,,,,,,,,
"				LandAndImprovements","1,530,000,000","1,474,000,000","1,294,000,000","868,000,000","807,000,000","708,000,000","697,000,000","651,000,000","583,000,000","499,000,000","504,200,000","494,600,000","321,600,000","248,900,000","233,300,000","224,400,000","223,700,000","225,700,000","225,400,000","215,700,000",,,,,,,,,,,,,
"				BuildingsAndImprovements","8,377,000,000","8,207,000,000","7,617,000,000","4,837,000,000","4,813,000,000","4,191,000,000","4,099,000,000","3,972,000,000","3,633,000,000","2,345,000,000","2,174,700,000","1,546,100,000","950,200,000","647,900,000","547,900,000","521,100,000","481,000,000","469,000,000","451,300,000","448,700,000",,,,,,,,,,,,,
"				MachineryFurnitureEquipment","19,730,000,000","18,548,000,000","16,806,000,000","12,000,000,000","11,574,000,000","11,338,000,000","10,660,000,000","9,988,000,000","8,176,000,000","7,657,000,000","8,064,000,000","6,754,400,000","5,842,200,000","5,074,500,000","4,618,000,000","4,289,600,000","4,011,100,000","3,856,400,000","3,920,900,000","3,744,200,000",,,,,,,,,,,,,
"				OtherProperties",,,,,,,,,,,"313,500,000","329,900,000","224,800,000","196,800,000","200,400,000","155,400,000","138,000,000","133,200,000","127,000,000","111,300,000",,,,,,,,,,,,,
"				ConstructionInProgress","1,206,000,000","1,378,000,000","1,143,000,000","452,000,000","602,000,000","1,462,000,000","1,193,000,000","1,162,000,000","2,199,000,000","2,247,000,000",,,,,,,,,,,,,,,,,,,,,,,
"			AccumulatedDepreciation","-13,462,000,000","-11,340,000,000","-10,018,000,000","-7,171,000,000","-6,408,000,000","-5,871,000,000","-5,276,000,000","-4,668,000,000","-4,176,000,000","-3,653,000,000","-2,993,700,000","-2,711,700,000","-2,526,600,000","-2,280,700,000","-2,073,800,000","-1,927,700,000","-1,754,900,000","-1,576,200,000","-1,454,700,000","-1,274,300,000","-1,111,800,000","-951,037,000","-812,400,000","-662,000,000","-528,700,000","-454,100,000","-388,600,000","-376,600,000","-361,900,000","-363,800,000","-331,800,000","-305,600,000","-265,400,000"
"		GoodwillAndOtherIntangibleAssets","14,586,000,000","14,414,000,000","13,641,000,000","166,000,000","180,000,000","192,000,000","142,000,000","137,000,000","126,000,000","115,000,000","115,600,000","117,000,000","118,500,000","121,500,000","126,300,000","131,500,000","134,100,000","97,000,000","97,000,000","97,000,000","106,400,000","109,378,000","559,600,000","574,300,000",,,,,,,,,
"			Goodwill","12,198,000,000","11,986,000,000","11,431,000,000","97,000,000","97,000,000","97,000,000","97,000,000","97,000,000","97,000,000","97,000,000","97,000,000","97,000,000","97,000,000","97,000,000","97,000,000","97,000,000",,,,"97,000,000",,,,,,,,,,,,,
"			OtherIntangibleAssets","2,388,000,000","2,428,000,000","2,210,000,000","69,000,000","83,000,000","95,000,000","45,000,000","40,000,000","29,000,000","18,000,000","18,600,000","20,000,000","21,500,000","24,500,000","29,300,000","34,500,000","134,100,000","97,000,000","97,000,000",,"106,400,000","109,378,000","559,600,000","574,300,000",,,,,,,,,
"		InvestmentsAndAdvances","562,000,000","821,000,000","878,000,000","292,000,000","2,113,000,000","2,227,000,000","2,738,000,000","2,998,000,000","3,735,000,000","3,452,000,000","4,938,000,000","3,760,300,000","2,750,700,000",,,,,,,,,,,,,,,,,,,,
"			LongTermEquityInvestment",,,,"30,000,000","1,173,000,000","1,243,000,000","1,211,000,000","1,276,000,000","1,254,000,000","1,187,000,000",,,,,,,,,,,,,,,,,,,,,,,
"			InvestmentinFinancialAssets",,,,"262,000,000","940,000,000","984,000,000","1,527,000,000","1,722,000,000","2,481,000,000","2,265,000,000",,,,,,,,,,,,,,,,,,,,,,,
"				AvailableForSaleSecurities",,,,"262,000,000","940,000,000","984,000,000","1,527,000,000","1,722,000,000","2,481,000,000",,,,,,,,,,,,,,,,,,,,,,,,
"		FinancialAssets",,,,"17,000,000","34,000,000","73,000,000","7,000,000","6,000,000","6,000,000",,,,"11,500,000",,,,,,,,,,,,,,,,,,,,
"		NonCurrentAccountsReceivable","305,000,000","36,000,000","36,000,000","88,000,000","90,000,000","95,000,000","110,000,000","161,000,000","187,000,000",,,,,,,,,,,,,,,,,,,,,,,,
"		NonCurrentDeferredAssets","242,000,000","249,000,000","216,000,000","15,000,000","16,000,000","26,000,000","27,000,000","39,000,000","49,000,000",,,,,,,,,,,,,,,,,,,,,,,,
"			NonCurrentDeferredTaxesAssets","242,000,000","249,000,000","216,000,000",,,"10,000,000","10,000,000","21,000,000","30,000,000",,,,,,,,,,,,,,,,,,,,,,,,
"		DefinedPensionBenefit","109,000,000","25,000,000","27,000,000","24,000,000","23,000,000","21,000,000","25,000,000","129,000,000","16,000,000",,,,,,,,,,,,,,,,,,,,,,,,
"		OtherNonCurrentAssets","258,000,000","254,000,000","246,000,000","102,000,000","87,000,000","70,000,000","63,000,000","66,000,000","86,000,000","360,000,000","363,100,000","359,900,000","288,700,000","3,896,400,000","1,254,700,000","852,800,000","650,200,000","628,300,000","486,700,000","435,100,000","257,500,000","204,157,000","197,100,000","123,200,000","48,700,000","48,400,000","9,400,000","11,300,000","10,500,000","8,100,000","9,500,000","12,500,000","11,400,000"
TotalLiabilitiesNetMinorityInterest,"24,827,000,000","23,930,000,000","21,077,000,000","8,695,000,000","9,056,000,000","9,087,000,000","8,932,000,000","8,330,000,000","8,294,000,000","8,410,000,000","8,815,100,000","6,421,500,000","5,659,900,000","3,697,900,000","3,436,700,000","3,225,400,000","2,741,200,000","2,593,500,000","2,593,100,000","2,510,800,000","2,133,600,000","1,954,444,000","2,080,500,000","2,199,700,000","1,082,600,000","1,339,900,000","63,400,000","132,800,000","108,600,000","126,600,000","160,700,000","201,700,000","115,300,000"
"	CurrentLiabilities","8,480,000,000","9,129,000,000","8,335,000,000","1,602,000,000","1,697,000,000","1,747,000,000","2,198,000,000","2,113,000,000","1,854,000,000","2,194,000,000","3,191,800,000","1,559,900,000","2,615,800,000","1,001,900,000","1,103,500,000","1,096,100,000","703,700,000","557,800,000","823,400,000","772,500,000","1,020,400,000","831,003,000","445,000,000","452,800,000","181,900,000","365,100,000","61,500,000","111,400,000","54,600,000","60,600,000","84,900,000","119,500,000","30,300,000"
"		PayablesAndAccruedExpenses","5,434,000,000","5,016,000,000","4,352,000,000","551,000,000","547,000,000","853,000,000","840,000,000","844,000,000","972,000,000","849,000,000","1,165,900,000","779,300,000","1,183,600,000","523,900,000","312,000,000","284,100,000","599,900,000","380,300,000","347,000,000","271,400,000","525,900,000","349,062,000","349,700,000","348,100,000","180,000,000","199,200,000","60,900,000","36,300,000","34,300,000","30,900,000","36,500,000",,
"			Payables","4,719,000,000","4,913,000,000","4,247,000,000","476,000,000","512,000,000","807,000,000","782,000,000","789,000,000","907,000,000","849,000,000","958,300,000","668,900,000","1,024,100,000","371,000,000","228,900,000","194,600,000","599,900,000","380,300,000","347,000,000","271,400,000","525,900,000","349,062,000","349,700,000","348,100,000","180,000,000","199,200,000","60,900,000","36,300,000","34,300,000","30,900,000","36,500,000",,
"				AccountsPayable","4,415,000,000","4,016,000,000","3,053,000,000","306,000,000","340,000,000","426,000,000","457,000,000","450,000,000","623,000,000","271,000,000","587,000,000","506,800,000","359,500,000","371,000,000","228,900,000","194,600,000","599,900,000","380,300,000","347,000,000","271,400,000","525,900,000","349,062,000","349,700,000","348,100,000","180,000,000","199,200,000","60,900,000","36,300,000","34,300,000","30,900,000","36,500,000",,
"				TotalTaxPayable","48,000,000","43,000,000","47,000,000","16,000,000","25,000,000","14,000,000","5,000,000","12,000,000","10,000,000",,"266,200,000","10,100,000","520,200,000",,,,,,,,,,,,,,,,,,,,
"					IncomeTaxPayable","48,000,000","43,000,000","47,000,000","16,000,000","25,000,000","14,000,000","5,000,000","3,000,000","2,000,000",,"218,700,000","1,200,000","469,100,000",,,,,,,,,,,,,,,,,,,,
"				DividendsPayable","256,000,000","258,000,000","526,000,000","84,000,000","84,000,000","318,000,000","291,000,000","301,000,000","183,000,000","578,000,000","28,500,000","29,600,000","29,900,000",,,,,,,,,,,,,,,,,,,,
"				OtherPayable",,"596,000,000","621,000,000","70,000,000","63,000,000","49,000,000","29,000,000","26,000,000","91,000,000",,"76,600,000","122,400,000","114,500,000",,,,,,,,,,,,,,,,,,,,
"			CurrentAccruedExpenses","715,000,000","103,000,000","105,000,000","75,000,000","35,000,000","46,000,000","58,000,000","55,000,000","65,000,000",,"207,600,000","110,400,000","159,500,000","152,900,000","83,100,000","89,500,000",,,,,,,,,,,,,,,,,
"				InterestPayable","99,000,000","103,000,000","105,000,000","33,000,000","35,000,000","34,000,000","36,000,000","36,000,000","42,000,000",,"48,700,000","42,900,000","26,800,000",,,,,,,,,,,,,,,,,,,,
"		CurrentProvisions","162,000,000","148,000,000","156,000,000","72,000,000","58,000,000","85,000,000","52,000,000","41,000,000","30,000,000",,"26,600,000",,,,,,,,,,,,,,,,,,,,,,
"		PensionandOtherPostRetirementBenefitPlansCurrent","623,000,000","567,000,000","525,000,000","133,000,000","108,000,000","128,000,000","113,000,000","159,000,000","101,000,000","446,000,000",,,,,,,,,,,,,,,,,,,,,,,
"		CurrentDebtAndCapitalLeaseObligation","422,000,000","1,692,000,000","1,632,000,000","730,000,000","884,000,000","517,000,000","1,033,000,000","967,000,000","615,000,000","832,000,000","1,871,300,000","728,800,000","1,432,200,000","90,200,000","558,300,000","253,400,000","103,800,000","177,500,000","476,400,000","501,100,000","494,500,000","481,941,000","95,300,000","104,700,000","1,800,000","165,800,000","600,000","75,200,000","20,300,000","29,700,000","48,400,000","82,700,000","4,600,000"
"			CurrentDebt","173,000,000","1,478,000,000","1,632,000,000","730,000,000","884,000,000","517,000,000","1,033,000,000","967,000,000","615,000,000","832,000,000","1,871,300,000","728,800,000","1,432,200,000","90,200,000","558,300,000","253,400,000","103,800,000","177,500,000","476,400,000","501,100,000","494,500,000","481,941,000","95,300,000","104,700,000","1,800,000","165,800,000","600,000","75,200,000","20,300,000","29,700,000","48,400,000","82,700,000","4,600,000"
"				CommercialPaper",0,"650,000,000","391,000,000","730,000,000","389,000,000","517,000,000","536,000,000","470,000,000","369,000,000",,,,,,,,,,,,,,,,,,,,,,,,
"				LineOfCredit","159,000,000","326,000,000","238,000,000",,,,,,,,,,,,,,,,,,,,,,,,,,,,,,
"				OtherCurrentBorrowings","14,000,000","502,000,000","1,003,000,000","730,000,000","495,000,000","517,000,000","497,000,000","497,000,000","246,000,000","832,000,000",,,,,,,,,,,,,,,,,,,,,,,
"			CurrentCapitalLeaseObligation","249,000,000","214,000,000",,,,,,,,,,,,,,,,,,,,,,,,,,,,,,,
"		CurrentDeferredLiabilities","1,800,000,000","1,693,000,000","1,625,000,000","87,000,000","59,000,000","80,000,000","81,000,000","60,000,000","85,000,000",,"53,200,000",,,"42,100,000","25,200,000",,,,,,,,,,,,,,,,,,
"			CurrentDeferredTaxesLiabilities",,,0,"36,000,000",,,,,,,,,,,,,,,,,,,,,,,,,,,,,
"			CurrentDeferredRevenue","1,800,000,000","1,693,000,000","1,625,000,000","51,000,000","59,000,000","80,000,000","81,000,000","60,000,000","85,000,000",,"53,200,000",,,"42,100,000","25,200,000",,,,,,,,,,,,,,,,,,
"		OtherCurrentLiabilities","39,000,000","13,000,000","45,000,000","29,000,000","41,000,000","84,000,000","79,000,000","42,000,000","51,000,000","67,000,000","74,800,000","51,800,000",,"345,700,000","208,000,000","558,600,000",,,,,,,,,"100,000","100,000",,"-100,000",,,,"36,800,000","25,700,000"
"	TotalNonCurrentLiabilitiesNetMinorityInterest","16,347,000,000","14,801,000,000","12,742,000,000","7,093,000,000","7,359,000,000","7,340,000,000","6,734,000,000","6,217,000,000","6,440,000,000","6,216,000,000","5,623,300,000","4,861,600,000","3,044,100,000","2,696,000,000","2,333,200,000","2,129,300,000","2,037,500,000","2,035,700,000","1,769,700,000","1,738,300,000","1,113,200,000","1,123,441,000","1,635,500,000","1,746,900,000","900,700,000","974,800,000","1,900,000","21,400,000","54,000,000","66,000,000","75,800,000","82,200,000","85,000,000"
"		LongTermProvisions","1,597,000,000","1,650,000,000","1,673,000,000","651,000,000","643,000,000","574,000,000","589,000,000","557,000,000","645,000,000","615,000,000",,,,,,,,,,,,,,,,,,,,,,,
"		LongTermDebtAndCapitalLeaseObligation","10,938,000,000","9,412,000,000","7,591,000,000","3,711,000,000","3,707,000,000","3,710,000,000","3,213,000,000","2,970,000,000","3,466,000,000","3,705,000,000","3,707,200,000","3,319,300,000","1,739,500,000","1,339,400,000","1,357,100,000","1,257,600,000","1,258,600,000","1,268,600,000","1,019,900,000","1,013,700,000","413,700,000","437,020,000","933,300,000","1,130,000,000","620,000,000","714,500,000","2,000,000","21,300,000","54,000,000","66,100,000","75,700,000","82,200,000","85,000,000"
"			LongTermDebt","10,047,000,000","8,553,000,000","7,591,000,000","3,711,000,000","3,707,000,000","3,710,000,000","3,213,000,000","2,970,000,000","3,466,000,000","3,705,000,000","3,707,200,000","3,319,300,000","1,739,500,000","1,339,400,000","1,357,100,000","1,257,600,000","1,258,600,000","1,268,600,000","1,019,900,000","1,013,700,000","413,700,000","437,020,000","933,300,000","1,130,000,000","620,000,000","714,500,000","2,000,000","21,300,000","54,000,000","66,100,000","75,700,000","82,200,000","85,000,000"
"			LongTermCapitalLeaseObligation","891,000,000","859,000,000",,,,,,,,,,,,,,,,,,,,,,,,,,,,,,,
"		NonCurrentDeferredLiabilities","3,149,000,000","3,145,000,000","2,907,000,000","2,205,000,000","2,463,000,000","2,438,000,000","2,201,000,000","2,013,000,000","1,482,000,000","1,052,000,000","1,078,400,000","999,300,000","794,200,000","988,100,000","632,100,000","543,300,000","499,400,000","484,200,000","468,900,000","457,600,000","435,100,000","409,371,000","417,900,000","338,400,000","28,500,000","4,700,000",,,,,,,
"			NonCurrentDeferredTaxesLiabilities","3,149,000,000","3,145,000,000","2,907,000,000","2,205,000,000","2,463,000,000","2,438,000,000","2,201,000,000","2,013,000,000","1,482,000,000",,"1,078,400,000","999,300,000","794,200,000","988,100,000","632,100,000","543,300,000","499,400,000","484,200,000","468,900,000","457,600,000","435,100,000","409,371,000","417,900,000","338,400,000","28,500,000","4,700,000",,,,,,,
"			NonCurrentDeferredRevenue",,,,,,,,,,"1,052,000,000",,,,,,,,,,,,,,,,,,,,,,,
"		NonCurrentAccruedExpenses",,,,,,,,,,,"329,900,000","134,800,000","133,400,000",,,,,,,,,,,,,,,,,,,,
"		EmployeeBenefits","454,000,000","433,000,000","395,000,000","440,000,000","443,000,000","431,000,000","503,000,000","410,000,000","569,000,000","552,000,000","298,500,000","280,800,000","253,400,000",,,,,,,,,,,,,,,,,,,,
"			NonCurrentPensionAndOtherPostretirementBenefitPlans","454,000,000","433,000,000","395,000,000","440,000,000","443,000,000","431,000,000","503,000,000","410,000,000","569,000,000","552,000,000","298,500,000","280,800,000","253,400,000",,,,,,,,,,,,,,,,,,,,
"		DerivativeProductLiabilities",,,,"35,000,000","56,000,000","109,000,000","115,000,000","129,000,000","167,000,000","204,000,000","203,700,000","123,200,000","120,400,000",,,,,,,,,,,,,,,,,,,,
"		OtherNonCurrentLiabilities","209,000,000","161,000,000","176,000,000","51,000,000","47,000,000","78,000,000","113,000,000","138,000,000","111,000,000","88,000,000","5,600,000","4,200,000","3,200,000","368,500,000","344,000,000","328,400,000","279,500,000","282,900,000","280,900,000","267,000,000","264,400,000","277,050,000","284,300,000","278,500,000","252,200,000","255,600,000","-100,000","100,000",,"-100,000","100,000",,
TotalEquityGrossMinorityInterest,"22,365,000,000","22,869,000,000","24,425,000,000","8,303,000,000","8,199,000,000","8,382,000,000","8,792,000,000","9,628,000,000","9,912,000,000","7,847,000,000","6,804,200,000","6,500,700,000","4,588,900,000","6,018,700,000","2,780,300,000","2,132,500,000","2,385,600,000","1,973,800,000","2,092,500,000","2,086,500,000","2,012,100,000","1,962,386,000","2,453,800,000","2,227,900,000","1,405,500,000","1,241,900,000","964,400,000","965,600,000","901,000,000","964,400,000","945,700,000","905,100,000","1,011,000,000"
"	StockholdersEquity","22,365,000,000","22,869,000,000","24,425,000,000","8,303,000,000","8,199,000,000","8,382,000,000","8,792,000,000","9,628,000,000","9,912,000,000","7,847,000,000","6,804,200,000","6,500,700,000","4,588,900,000","6,018,700,000","2,780,300,000","2,132,500,000","2,385,600,000","1,973,800,000","2,092,500,000","2,086,500,000","2,012,100,000","1,962,386,000","2,453,800,000","2,227,900,000","1,405,500,000","1,241,900,000","964,400,000","965,600,000","901,000,000","964,400,000","945,700,000","905,100,000","1,011,000,000"
"		CapitalStock","15,673,000,000","15,771,000,000","16,740,000,000","1,806,000,000","1,798,000,000","1,747,000,000","1,632,000,000","1,600,000,000","1,543,000,000",0,0,0,0,0,0,0,0,0,0,0,0,0,,,,,,,,,,,
"			CommonStock","15,673,000,000","15,771,000,000","16,740,000,000","1,806,000,000","1,798,000,000","1,747,000,000","1,632,000,000","1,600,000,000","1,543,000,000",0,0,0,0,0,0,0,0,0,0,0,0,0,,,,,,,,,,,
"		RetainedEarnings","6,606,000,000","7,101,000,000","7,745,000,000","6,242,000,000","6,204,000,000","6,455,000,000","6,423,000,000","7,136,000,000","6,671,000,000","5,257,000,000","2,968,900,000","3,272,100,000","2,402,300,000","2,279,600,000","1,286,400,000","716,900,000","701,500,000","462,800,000","641,400,000","264,200,000","570,500,000","424,359,000","889,700,000","680,400,000","438,500,000","277,700,000","164,000,000","120,200,000","98,500,000","82,200,000","66,900,000","65,800,000","88,900,000"
"		AdditionalPaidInCapital","205,000,000","248,000,000","231,000,000","230,000,000","222,000,000","230,000,000","234,000,000","219,000,000","299,000,000","1,774,000,000","1,591,000,000","1,579,800,000","1,528,700,000","1,560,200,000","1,493,900,000","1,415,600,000","1,408,400,000","1,245,800,000","1,186,900,000","1,182,500,000","1,177,400,000","1,216,533,000",,,,,,,,,,,
"		GainsLossesNotAffectingRetainedEarnings","-119,000,000","-251,000,000","-291,000,000","25,000,000","-25,000,000","-50,000,000","503,000,000","673,000,000","1,399,000,000","816,000,000","2,244,300,000","1,648,800,000","657,900,000","2,178,900,000",,,"275,700,000","265,200,000","264,200,000","639,800,000","264,200,000","321,494,000",,,,,,,,,,,
"		OtherEquityInterest",,,,,,,,,,,,,,,,,,,,,,,"1,564,100,000","1,547,500,000","967,000,000","964,200,000","800,400,000","845,400,000","802,500,000","882,200,000","878,800,000","839,300,000","922,100,000"
TotalCapitalization,"32,412,000,000","31,422,000,000","32,016,000,000","12,014,000,000","11,906,000,000","12,092,000,000","12,005,000,000","12,598,000,000","13,378,000,000","11,552,000,000","10,511,400,000","9,820,000,000","6,328,400,000","7,358,100,000","4,137,400,000","3,390,100,000","3,644,200,000","3,242,400,000","3,112,400,000","3,100,200,000","2,425,800,000","2,399,406,000","3,387,100,000","3,357,900,000","2,025,500,000","1,956,400,000","966,400,000","986,900,000","955,000,000","1,030,500,000","1,021,400,000","987,300,000","1,096,000,000"
CommonStockEquity,"22,365,000,000","22,869,000,000","24,425,000,000","8,303,000,000","8,199,000,000","8,382,000,000","8,792,000,000","9,628,000,000","9,912,000,000","7,847,000,000","6,804,200,000","6,500,700,000","4,588,900,000","6,018,700,000","2,780,300,000","2,132,500,000","2,385,600,000","1,973,800,000","2,092,500,000","2,086,500,000","2,012,100,000","1,962,386,000","2,453,800,000","2,227,900,000","1,405,500,000","1,241,900,000","964,400,000","965,600,000","901,000,000","964,400,000","945,700,000","905,100,000","1,011,000,000"
CapitalLeaseObligations,"1,140,000,000","1,073,000,000",,,,,,,,,,,,,,,,,,,,,,,,,,,,,,,
NetTangibleAssets,"7,779,000,000","8,455,000,000","10,784,000,000","8,137,000,000","8,019,000,000","8,190,000,000","8,650,000,000","9,491,000,000","9,786,000,000","7,732,000,000","6,688,600,000","6,383,700,000","4,470,400,000","5,897,200,000","2,654,000,000","2,001,000,000","2,251,500,000","1,876,800,000","1,995,500,000","1,989,500,000","1,905,700,000","1,853,008,000","1,894,200,000","1,653,600,000","1,405,500,000","1,241,900,000","964,400,000","965,600,000","901,000,000","964,400,000","945,700,000","905,100,000","1,011,000,000"
WorkingCapital,"2,990,000,000","1,536,000,000","3,327,000,000","1,721,000,000","-303,000,000","-194,000,000","-260,000,000","76,000,000","642,000,000","214,000,000","-1,051,900,000","711,800,000","-348,600,000","809,400,000","206,700,000","14,700,000","539,900,000","176,100,000","8,600,000","47,100,000","-148,700,000","-104,768,000","329,200,000","281,700,000","278,800,000","136,000,000","103,200,000","47,200,000","86,200,000","64,400,000","36,800,000","22,200,000","136,600,000"
InvestedCapital,"32,585,000,000","32,900,000,000","33,648,000,000","12,744,000,000","12,790,000,000","12,609,000,000","13,038,000,000","13,565,000,000","13,993,000,000","12,384,000,000","12,382,700,000","10,548,800,000","7,760,600,000","7,448,300,000","4,695,700,000","3,643,500,000","3,748,000,000","3,419,900,000","3,588,800,000","3,601,300,000","2,920,300,000","2,881,347,000","3,482,400,000","3,462,600,000","2,027,300,000","2,122,200,000","967,000,000","1,062,100,000","975,300,000","1,060,200,000","1,069,800,000","1,070,000,000","1,100,600,000"
TangibleBookValue,"7,779,000,000","8,455,000,000","10,784,000,000","8,137,000,000","8,019,000,000","8,190,000,000","8,650,000,000","9,491,000,000","9,786,000,000","7,732,000,000","6,688,600,000","6,383,700,000","4,470,400,000","5,897,200,000","2,654,000,000","2,001,000,000","2,251,500,000","1,876,800,000","1,995,500,000","1,989,500,000","1,905,700,000","1,853,008,000","1,894,200,000","1,653,600,000","1,405,500,000","1,241,900,000","964,400,000","965,600,000","901,000,000","964,400,000","945,700,000","905,100,000","1,011,000,000"
TotalDebt,"11,360,000,000","11,104,000,000","9,223,000,000","4,441,000,000","4,591,000,000","4,227,000,000","4,246,000,000","3,937,000,000","4,081,000,000","4,537,000,000","5,578,500,000","4,048,100,000","3,171,700,000","1,429,600,000","1,915,400,000","1,511,000,000","1,362,400,000","1,446,100,000","1,496,300,000","1,514,800,000","908,200,000","918,961,000","1,028,600,000","1,234,700,000","621,800,000","880,300,000","2,600,000","96,500,000","74,300,000","95,800,000","124,100,000","164,900,000","89,600,000"
NetDebt,"8,766,000,000","9,360,000,000","6,909,000,000","4,325,000,000","4,559,000,000","4,136,000,000","4,031,000,000","3,309,000,000","3,519,000,000","4,107,000,000","5,166,600,000","3,662,700,000","2,894,900,000","710,100,000","1,589,700,000","1,417,100,000","903,500,000","1,441,400,000","1,471,800,000","1,469,500,000","808,200,000","874,924,000","960,600,000","1,225,900,000","628,100,000","839,800,000",,"96,500,000","66,900,000","91,500,000","121,100,000","160,700,000","28,500,000"
ShareIssued,"569,260,406","572,942,809","608,535,477","336,089,216","335,916,151","334,616,060","332,097,029","342,446,530","345,960,205","343,481,196","341,249,077","355,170,660","367,953,179","379,731,423","377,283,776","372,937,651","398,269,810","382,407,955","374,959,065","374,107,240","373,252,118","386,598,304","390,556,800","388,051,200","328,551,774","327,528,248","309,854,408","279,602,735","279,213,507","278,452,800","278,416,800",,"278,416,800"
OrdinarySharesNumber,"569,260,406","572,942,809","608,535,477","336,089,216","335,916,151","334,616,060","332,097,029","342,446,530","345,960,205","343,481,196","341,249,077","355,170,660","367,953,179","379,731,423","377,283,776","372,937,651","398,269,810","382,407,955","374,959,065","374,107,240","373,252,118","386,598,304","390,556,800","388,051,200","328,551,774","327,528,248","309,854,408","279,602,735","279,213,507","278,452,800","278,416,800",,"278,416,800"
,,,,,,,,,,,,,,,,,,,,,,,,,,,,,,,,,
ROA1,0.009726225,0.021197034,0.078524021,0.019237557,0.018719212,0.072700212,0.086662153,0.099398597,0.114193123,0.189518361,0.115638985,0.076442092,0.341035048,0.113578824,0.101624578,0.101327012,0.058242959,-0.027653099,0.011439303,0.0263633,0.04776033,-0.105185571,0.057561255,0.067101816,0.083999839,0.061778604,0.088733217,0.043426803,0.045364501,0.03583868,0.019793926,0.064329599,0.078931013
ROA2,0.009766893,0.021494892,0.114336,0.019093218,0.018603847,0.072173444,0.086093829,0.098716956,0.120651133,0.193309763,0.126566578,0.08526175,0.350125717,0.138524878,0.10916725,0.103560426,0.061604481,-0.027299549,0.011548115,0.027725037,0.049116096,-0.097500334,0.058246577,0.085920442,0.082447386,0.088375443,0.08578685,0.045256167,0.043606589,0.035587513,0.019790349,0.063767856,
Operating Margin,0.080878133,0.103980423,0.112803015,0.063778315,0.107046679,0.267717789,0.298945889,0.321971253,0.378327236,0.450028686,0.352307833,0.299796314,0.922765045,0.303484773,0.232431571,0.232012892,0.159628899,0.105645227,0.087208695,0.130120133,0.132012906,0.104262653,0.179088309,0.17846855,0.208633094,0.228911677,0.203338035,0.192528736,0.159450172,0.165535445,0.127044025,0.274559194,0.374100719
Net Margin,0.080878133,0.103980423,0.112803015,0.063778315,0.107046679,0.267717789,0.298945889,0.321971253,0.378327236,0.450028686,0.352307833,0.299796314,0.922765045,0.303484773,0.232431571,0.232012892,0.159628899,0.105645227,0.087208695,0.130120133,0.132012906,0.104262653,0.179088309,0.17846855,0.208633094,0.228911677,0.203338035,0.192528736,0.159450172,0.165535445,0.127044025,0.274559194,0.374100719
Return On Equity,0.020523139,0.043377498,0.146284545,0.039383355,0.039395048,0.151515152,0.174704277,0.185396759,0.209745763,0.392634128,0.26545369,0.151952867,0.761664015,0.183361856,0.227241665,0.254583822,0.125167673,-0.063988246,0.025615293,0.058087707,0.098404652,-0.209945444,0.106365637,0.13335428,0.14870153,0.128432241,0.09456657,0.049399337,0.050832408,0.040543343,0.02315745,0.078665341,0.08793274
Current Ratio,1.35259434,1.168255012,1.399160168,2.074282147,0.821449617,0.88895249,0.881710646,1.035967818,1.346278317,1.097538742,0.670436744,1.456311302,0.866732931,1.807865056,1.187313095,1.013411185,1.767230354,1.315704554,1.010444498,1.060970874,0.854272834,0.873925846,1.739775281,1.622128975,2.53271028,1.372500685,2.67804878,1.423698384,2.578754579,2.062706271,1.433451119,1.185774059,5.508250825
Quick ratio,0.771226415,0.623288422,0.809238152,1.582397004,0.36888627,0.460217516,0.587807097,0.69143398,0.935275081,0.764357338,0.491885456,1.056606193,0.59343222,1.380576904,0.733031264,0.536721102,1.203353702,0.607206884,0.404056352,0.438187702,0.45619365,0.419978027,0.920898876,0.841651943,1.326553051,0.764721994,1.687804878,0.698384201,1.487179487,1.226072607,0.861012956,0.748117155,4.155115512
ROC,0.01962406,0.041880851,0.008300642,0.011188795,0.039286943,0.11162503,0.127100782,0.138320678,0.154928893,0.258346092,0.152323839,0.105119957,0.458049532,0.154620853,0.14915774,0.164139426,0.095897172,0.065507763,0.029763709,0.047929359,0.075357395,0.044748238,0.081890937,0.097223503,0.119483204,0.085497314,0.086142192,0.052970436,0.045957552,0.024844369,0.016993831,0.042785047,0.087520262
D/E ratio,0.456964006,0.438628711,0.377604913,0.534866916,0.559946335,0.504294918,0.482939035,0.408911508,0.411723164,0.578182745,0.819861262,0.622717553,0.691167818,0.237526376,0.688918462,0.70855803,0.571093226,0.732647685,0.715077658,0.726000479,0.451369216,0.468287585,0.419186568,0.554199022,0.442404838,0.708833239,0.002695977,0.099937862,0.082463929,0.099336375,0.131225547,0.182189813,0.088625124
EPS,0.806309371,1.731411904,5.87147362,0.972955943,0.961549479,3.795394638,4.625154295,5.21249259,6.009361684,8.969923349,5.292908089,2.781198199,9.499034658,2.906264621,1.67460156,1.455739313,0.749742995,-0.330275556,0.142948938,0.323971276,0.530472542,-1.065690138,0.668276676,0.765620619,0.636125008,0.486980897,0.294331782,0.17059919,0.164032179,0.140418771,0.078659046,#DIV/0!,0.319305444