,name,12/31/2020,12/31/2019,12/31/2018,12/31/2017,12/31/2016,12/31/2015,12/31/2014,12/31/2013,12/31/2012,12/31/2011,12/31/2010,12/31/2009,12/31/2008,12/31/2007,12/31/2006,12/31/2005,12/31/2004,12/31/2003,12/31/2002,12/31/2001,12/31/2000,12/31/1999,12/31/1998,ttm
0,TotalRevenue,"6,796,000,000","15,066,000,000","14,527,000,000","12,681,082,000","10,743,006,000","9,223,987,000","8,441,971,000","6,793,306,000","5,260,956,000","4,355,610,000","3,084,905,000","2,338,212,000","1,884,806,000","1,409,409,000","1,123,103,000","962,660,000","914,372,000","863,661,000","1,003,606,000","1,171,753,000","1,235,396,000","482,400,000","35,200,000","5,649,000,000"
1,	OperatingRevenue,"6,796,000,000","15,066,000,000","14,527,000,000","12,681,082,000","10,743,006,000","9,223,987,000","8,441,971,000","6,793,306,000","5,260,956,000","4,355,610,000","3,084,905,000","2,338,212,000","1,884,806,000","1,409,409,000","1,123,103,000","962,660,000","914,372,000","863,661,000","1,003,606,000","1,171,753,000","1,235,396,000","482,400,000","35,200,000","5,649,000,000"
2,CostOfRevenue,,,,"250,537,000","428,314,000","632,180,000","857,841,000","1,077,420,000","1,177,275,000","1,275,730,000","1,175,934,000","1,077,449,000","928,835,000","769,997,000","722,004,000","694,797,000","716,217,000","717,716,000","845,240,000","978,847,000","1,025,842,000","419,300,000","34,600,000",
3,GrossProfit,,,,"12,430,545,000","10,314,692,000","8,591,807,000","7,584,130,000","5,715,886,000","4,083,681,000","3,079,880,000","1,908,971,000","1,260,763,000","955,971,000","639,412,000","401,099,000","267,863,000","198,155,000","145,945,000","158,366,000","192,906,000","209,554,000","63,100,000","600,000",
4,OperatingExpense,"6,216,000,000","9,721,000,000","9,186,000,000","7,892,553,000","6,467,679,000","5,332,900,000","4,510,818,000","3,303,472,000","2,253,888,000","1,680,958,000","1,122,174,000","789,928,000","666,497,000","501,477,000","338,978,000","230,315,000","167,745,000","138,113,000","177,952,000","206,929,000","267,403,000","126,500,000","55,400,000","5,552,000,000"
5,	SellingGeneralAndAdministration,"5,758,000,000","9,252,000,000","8,760,000,000","7,529,779,000","6,158,544,000","5,060,406,000","4,302,998,000","3,185,497,000","2,188,747,000","1,593,321,000","1,055,413,000","731,596,000","605,745,000","450,626,000","305,529,000","204,949,000","145,073,000","119,942,000","113,014,000","202,735,000","250,018,000","107,200,000","42,400,000","5,098,000,000"
6,		GeneralAndAdministrativeExpense,"2,824,000,000","3,330,000,000","2,974,000,000","2,434,466,000","1,948,334,000","1,695,263,000","1,400,558,000","1,023,576,000","683,684,000","475,947,000","351,256,000","248,707,000","219,052,000","241,987,000","159,876,000","115,457,000","52,026,000","77,694,000",,,,,,"2,819,000,000"
7,			SalariesAndWages,"1,944,000,000","2,248,000,000","2,042,000,000","1,659,581,000","1,350,032,000","1,166,226,000","950,191,000","698,692,000","466,828,000","352,295,000","270,071,000",,,,,,"35,574,000",,,,,,,"2,012,000,000"
8,			OtherGandA,"880,000,000","1,082,000,000","932,000,000","774,885,000","598,302,000","529,037,000","450,367,000","324,884,000","216,856,000","123,652,000","81,185,000","248,707,000","219,052,000","241,987,000","159,876,000","115,457,000","16,452,000","77,694,000",,,,,,"807,000,000"
9,		SellingAndMarketingExpense,"2,934,000,000","5,922,000,000","5,786,000,000","5,095,313,000","4,210,210,000","3,365,143,000","2,902,440,000","2,161,921,000","1,505,063,000","1,117,374,000","704,157,000","482,889,000","386,693,000","208,639,000","145,653,000","89,492,000","93,047,000","42,248,000",,,,,,"2,279,000,000"
10,	ResearchAndDevelopment,,"285,000,000","233,000,000","189,344,000","142,393,000","113,617,000","97,498,000","71,890,000","43,685,000","33,813,000","20,998,000","19,139,000","17,956,000","13,779,000",,,"9,171,000",,"40,964,000",,,"14,000,000","11,100,000","262,000,000"
11,	DepreciationAmortizationDepletionIncomeStatement,"458,000,000","469,000,000","426,000,000","362,774,000","309,135,000","272,494,000","207,820,000","117,975,000","65,141,000","53,824,000","45,763,000","39,193,000","42,796,000","37,072,000","33,449,000","25,366,000","13,501,000","11,533,000",,,"17,385,000","5,300,000","1,900,000","454,000,000"
12,		DepreciationAndAmortizationInIncomeStatement,"458,000,000","469,000,000","426,000,000","362,774,000","309,135,000","272,494,000","207,820,000","117,975,000","65,141,000","53,824,000","45,763,000","39,193,000","42,796,000","37,072,000","33,449,000","25,366,000","13,501,000","11,533,000",,,"17,385,000","5,300,000","1,900,000","454,000,000"
13,	OtherOperatingExpenses,,,,,,,,,,,,,"181,741,000",,,,,"6,638,000","23,974,000","4,194,000",,,,
14,OperatingIncome,"580,000,000","5,345,000,000","5,341,000,000","4,537,992,000","3,847,013,000","3,258,907,000","3,073,312,000","2,412,414,000","1,829,793,000","1,398,922,000","786,797,000","470,835,000","289,474,000","137,935,000","62,121,000","37,548,000","30,410,000","7,832,000","-19,586,000","-14,023,000","-57,849,000","-63,400,000","-54,800,000","97,000,000"
15,NetNonOperatingInterestIncomeExpense,"-302,000,000","-114,000,000","-82,000,000","-96,782,000","-112,954,000","-104,500,000","-74,420,000","-79,122,000","-58,204,000","-23,602,000","-26,087,000","-21,861,000","2,285,000",,,,"1,390,000",,,,,,,"-364,000,000"
16,	InterestIncomeNonOperating,"54,000,000","152,000,000","187,000,000","157,194,000","94,946,000","55,729,000","13,933,000","4,167,000","3,860,000","8,119,000","3,857,000","2,223,000","11,660,000",,,,"5,112,000",,,,,,,"26,000,000"
17,	InterestExpenseNonOperating,"356,000,000","266,000,000","269,000,000","253,976,000","207,900,000","160,229,000","88,353,000","83,289,000","62,064,000","31,721,000","29,944,000","24,084,000","9,375,000",,,,"3,722,000",,,,,,,"390,000,000"
18,OtherIncomeExpense,"289,000,000","727,000,000","-424,000,000","-42,888,000","-1,020,821,000","-26,087,000","-9,444,000","-36,755,000","-9,720,000","-7,526,000","-14,427,000","-6,672,000","3,810,000","-8,276,000","-4,295,000","-1,571,000","82,000","-4,121,000","-26,415,000","-4,470,000","-266,983,000","-999,200,000","-57,500,000","1,278,000,000"
19,	GainOnSaleOfSecurity,"1,604,000,000","727,000,000","-424,000,000","-35,291,000","-16,913,000","-26,087,000","-9,444,000","-36,755,000","-9,720,000","-7,526,000","-14,427,000",,,,,,,,,,,,,"2,000,000,000"
20,	EarningsFromEquityInterest,,,,,,,,,,,,,,"-5,000,000","-3,554,000","749,000",,"2,331,000","1,131,000","551,000",,,,
21,	SpecialIncomeCharges,"-1,311,000,000",,0,"-7,597,000","-1,003,908,000",,,,,,,"-6,672,000","3,810,000","-3,276,000","-741,000","-2,320,000","82,000","-6,452,000","-27,546,000","-5,021,000","-266,983,000","-999,200,000","-57,500,000","-730,000,000"
22,		RestructuringAndMergernAcquisition,"149,000,000",,,,,,,,,,,,0,,"135,000","1,664,000",,"-186,000","3,738,000","-136,000",,,,"157,000,000"
23,		ImpairmentOfCapitalAssets,"1,062,000,000",,0,0,"940,700,000",,,,,,,,,,,,0,,,,,,,"573,000,000"
24,		WriteOff,"100,000,000",,0,"7,597,000","63,208,000",,,,,,,,,,,,,,,,,,,0
25,		OtherSpecialCharges,,,,,,,,,,,,,"-3,810,000",,"606,000","656,000","-82,000","6,638,000","23,808,000","5,157,000",,,,
26,	OtherNonOperatingIncomeExpenses,"-4,000,000",,,,,,,,,,,,,,,,,,,,,,,"8,000,000"
27,PretaxIncome,"567,000,000","5,958,000,000","4,835,000,000","4,398,322,000","2,713,238,000","3,128,320,000","2,989,448,000","2,296,537,000","1,761,869,000","1,367,794,000","746,283,000","442,302,000","295,569,000","150,023,000","65,632,000","35,703,000","31,882,000",,,,,,,"1,011,000,000"
28,TaxProvision,"508,000,000","1,093,000,000","837,000,000","2,057,557,000","578,251,000","576,960,000","567,695,000","403,739,000","337,832,000","308,663,000","218,141,000","-47,168,000","98,408,000","-12,059,000","-12,388,000","-156,277,000","-193,000",,,,,,,"308,000,000"
29,EarningsFromEquityInterestNetOfTax,,,,,,,,,,0,0,"2,000",,,,,"-566,000",,,,,,,
30,NetIncomeCommonStockholders,"59,000,000","4,865,000,000","3,998,000,000","2,340,765,000","2,134,987,000","2,551,360,000","2,421,753,000","1,892,663,000","1,419,566,000","1,056,371,000","527,541,000","489,472,000","193,473,000","155,527,000","72,539,000","190,875,000","29,997,000","10,425,000","-21,528,000","-15,866,000","-329,527,000","-1,063,500,000","-114,400,000","703,000,000"
31,	NetIncome,"59,000,000","4,865,000,000","3,998,000,000","2,340,765,000","2,134,987,000","2,551,360,000","2,421,753,000","1,892,663,000","1,419,566,000","1,056,371,000","527,541,000","489,472,000","193,473,000","157,082,000","74,466,000","192,729,000","31,509,000","11,916,000","-19,184,000","-7,303,000","-315,145,000","-1,055,100,000","-112,200,000","703,000,000"
32,		NetIncomeIncludingNoncontrollingInterests,"59,000,000","4,865,000,000","3,998,000,000","2,340,765,000","2,134,987,000","2,551,360,000","2,421,753,000","1,892,798,000","1,424,037,000","1,059,131,000","528,142,000","489,472,000","193,473,000","157,082,000","74,466,000","192,729,000","31,509,000","11,916,000","-19,184,000","-7,303,000","-315,145,000","-1,055,100,000","-112,200,000","703,000,000"
33,			NetIncomeContinuousOperations,"59,000,000","4,865,000,000","3,998,000,000","2,340,765,000","2,134,987,000","2,551,360,000","2,421,753,000","1,892,798,000","1,424,037,000","1,059,131,000","528,142,000","489,472,000","193,473,000","157,082,000","74,466,000","192,729,000","31,509,000","11,916,000","-19,184,000","-7,303,000","-315,145,000","-1,055,100,000","-112,200,000","703,000,000"
34,		MinorityInterests,,,,,,0,0,"-135,000","-4,471,000","-2,760,000","-601,000",0,,,,,,,,,,,,
35,	PreferredStockDividends,,,,,,,,,,,,,,"1,555,000","1,927,000","1,854,000","1,512,000","1,491,000","2,344,000","8,563,000","14,382,000","8,400,000","2,200,000",
36,DilutedNIAvailtoComStockholders,"59,000,000","4,865,000,000","3,998,000,000","2,340,765,000","2,134,987,000","2,551,360,000","2,421,753,000","1,892,663,000","1,419,566,000","1,056,371,000","527,541,000","489,472,000","193,473,000","155,527,000","72,539,000","190,875,000","29,997,000","10,425,000","-21,528,000","-15,866,000","-329,527,000","-1,063,500,000","-114,400,000","703,000,000"
37,BasicEPS,,112.93,84.26,47.78,43.14,50.09,46.3,37.17,28.48,21.27,11,11.54,4.92,4.13,1.88,4.87,0.78,0.28,-0.54,-0.48,-11.818,-47.391,-8.46,
38,DilutedEPS,,111.82,83.26,46.86,42.65,49.45,45.67,36.11,27.66,20.63,10.35,9.88,3.98,3.42,1.68,4.21,0.76,0.27,-0.54,-0.48,-11.818,-47.391,-8.46,
39,BasicAverageShares,,"43,082,000","47,446,000","48,994,000","49,491,000","50,940,000","52,301,000","50,924,000","49,840,000","49,654,000","47,955,000","42,406,000","39,299,000","37,671,000","38,650,000","39,161,000","38,304,000","37,804,000","37,888,076","34,173,500","27,830,898","22,441,487","23,720,000",
40,DilutedAverageShares,,"43,509,000","48,017,000","49,954,000","50,063,000","51,593,000","53,023,000","52,413,000","51,326,000","51,211,000","50,988,000","49,522,000","48,671,000","45,504,000","44,722,000","46,436,000","42,327,000","39,009,000","37,888,076","34,173,500","27,830,898","22,441,487","23,720,000",
41,TotalOperatingIncomeAsReported,"-631,000,000","5,345,000,000","5,341,000,000","4,537,992,000","2,906,313,000","3,258,907,000","3,073,312,000","2,412,414,000","1,829,793,000","1,398,922,000","786,797,000","470,835,000","289,474,000","137,935,000","61,986,000","35,884,000","30,422,000","8,018,000","-23,324,000","-13,887,000","-57,849,000","-63,400,000","-54,800,000","-633,000,000"
42,TotalExpenses,"6,216,000,000","9,721,000,000","9,186,000,000","8,143,090,000","6,895,993,000","5,965,080,000","5,368,659,000","4,380,892,000","3,431,163,000","2,956,688,000","2,298,108,000","1,867,377,000","1,595,332,000","1,271,474,000","1,060,982,000","925,112,000","883,962,000","855,829,000","1,023,192,000","1,185,776,000","1,293,245,000","545,800,000","90,000,000","5,552,000,000"
43,NetIncomeFromContinuingAndDiscontinuedOperation,"59,000,000","4,865,000,000","3,998,000,000","2,340,765,000","2,134,987,000","2,551,360,000","2,421,753,000","1,892,663,000","1,419,566,000","1,056,371,000","527,541,000","489,472,000","193,473,000","157,082,000","74,466,000","192,729,000","31,509,000","11,916,000","-19,184,000","-7,303,000","-315,145,000","-1,055,100,000","-112,200,000","703,000,000"
44,NormalizedIncome,"-154,890,000","4,271,041,000","4,348,648,000","2,366,497,800","2,938,373,127","2,572,646,992","2,429,402,640","1,922,949,120","1,427,419,760","1,062,198,646.492","537,750,939.975","493,808,800","190,931,517.605","159,211,400","74,910,600","194,121,000","31,459,800","15,787,200","-2,656,400","-4,290,400","-154,955,200","-455,580,000","-77,700,000","-180,095,944.609"
45,InterestIncome,"54,000,000","152,000,000","187,000,000","157,194,000","94,946,000","55,729,000","13,933,000","4,167,000","3,860,000","8,119,000","3,857,000","2,223,000","11,660,000",,"11,312,000","5,550,000","5,112,000","2,474,000",,,"9,687,000",,,"26,000,000"
46,InterestExpense,"356,000,000","266,000,000","269,000,000","253,976,000","207,900,000","160,229,000","88,353,000","83,289,000","62,064,000","31,721,000","29,944,000","24,084,000","9,375,000",,"7,060,000","5,075,000","3,722,000","907,000",,,,,,"390,000,000"
47,NetInterestIncome,"-302,000,000","-114,000,000","-82,000,000","-96,782,000","-112,954,000","-104,500,000","-74,420,000","-79,122,000","-58,204,000","-23,602,000","-26,087,000","-21,861,000","2,285,000",,"4,252,000","475,000","1,390,000","1,567,000",,,"9,687,000",,,"-364,000,000"
48,EBIT,"923,000,000","6,224,000,000","5,104,000,000","4,652,298,000","2,921,138,000","3,288,549,000","3,077,801,000","2,379,826,000","1,823,933,000","1,399,515,000","776,227,000","466,386,000","304,944,000","137,935,000","62,121,000","37,548,000","35,604,000","7,832,000","-19,586,000","-14,023,000","-57,849,000","-63,400,000","-54,800,000","1,401,000,000"
49,EBITDA,,,,,,,,,,,,,,,,,,,,,,,,"2,038,000,000"
50,ReconciledCostOfRevenue,,,,"250,537,000","428,314,000","632,180,000","857,841,000","1,077,420,000","1,177,275,000","1,275,730,000","1,171,233,000","1,077,449,000","928,563,000","766,368,000","718,622,000","691,385,000","715,329,000","717,378,000","845,240,000","978,847,000","1,025,842,000","419,300,000","34,600,000",
51,ReconciledDepreciation,"642,000,000","641,000,000","426,000,000","362,774,000","309,135,000","272,494,000","207,820,000","117,975,000","65,141,000","53,824,000","50,464,000","39,193,000","43,068,000","40,701,000","36,831,000","28,778,000","14,389,000","11,871,000","18,265,000","16,578,000","17,385,000","5,300,000","1,900,000","637,000,000"
52,NetIncomeFromContinuingOperationNetMinorityInterest,"59,000,000","4,865,000,000","3,998,000,000","2,340,765,000","2,134,987,000","2,551,360,000","2,421,753,000","1,892,663,000","1,419,566,000","1,056,371,000","527,541,000","489,472,000","193,473,000","157,082,000","74,466,000","192,729,000","31,509,000","11,916,000","-19,184,000","-7,303,000","-315,145,000","-1,055,100,000","-112,200,000","703,000,000"
53,TotalUnusualItemsExcludingGoodwill,"293,000,000","727,000,000","-424,000,000","-42,888,000","-1,020,821,000","-26,087,000","-9,444,000","-36,755,000","-9,720,000","-7,526,000","-14,427,000","-6,672,000","3,810,000","-3,276,000","-741,000","-2,320,000","82,000","-6,452,000","-27,546,000","-5,021,000","-266,983,000","-999,200,000","-57,500,000","1,270,000,000"
54,TotalUnusualItems,"293,000,000","727,000,000","-424,000,000","-42,888,000","-1,020,821,000","-26,087,000","-9,444,000","-36,755,000","-9,720,000","-7,526,000","-14,427,000","-6,672,000","3,810,000","-3,276,000","-741,000","-2,320,000","82,000","-6,452,000","-27,546,000","-5,021,000","-266,983,000","-999,200,000","-57,500,000","1,270,000,000"
55,NormalizedEBITDA,"1,272,000,000","6,138,000,000","5,954,000,000","5,057,960,000","4,251,094,000","3,587,130,000","3,295,065,000","2,534,556,000","1,898,794,000","1,460,865,000","841,118,000","512,251,000","344,202,000","181,912,000","99,693,000","68,646,000","49,911,000","26,155,000","26,225,000","7,576,000","226,519,000","941,100,000","4,600,000","768,000,000"
56,TaxRateForCalcs,0.27,0.183,0.173,0.4,0.213,0.184,0.19,0.176,0.192,0.226,0.292,0.35,0.333,0.35,0.4,0.4,0.4,0.4,0.4,0.4,0.4,0.4,0.4,0.305
57,TaxEffectOfUnusualItems,"79,110,000","133,041,000","-73,352,000","-17,155,200","-217,434,873","-4,800,008","-1,794,360","-6,468,880","-1,866,240","-1,698,353.508","-4,217,060.025","-2,335,200","1,268,517.605","-1,146,600","-296,400","-928,000","32,800","-2,580,800","-11,018,400","-2,008,400","-106,793,200","-399,680,000","-23,000,000","386,904,055.391"
