name,ttm,12/31/2020,12/31/2019,12/31/2018,12/31/2017,12/31/2016,12/31/2015,12/31/2014,12/31/2013,12/31/2012,12/31/2011,12/31/2010,12/31/2009,12/31/2008,12/31/2007,12/31/2006,12/31/2005,12/31/2004,12/31/2003
TotalRevenue,"5,043,000,000","5,043,000,000","5,271,000,000","5,556,000,000","5,418,000,000","5,363,000,000","5,405,000,000","6,110,710,000","6,271,542,000","6,672,241,000","7,067,834,000","5,691,537,000","4,554,316,000","6,904,049,000","4,100,284,000","3,258,161,000","2,986,001,000","2,714,955,000","2,270,906,000"
	OperatingRevenue,"5,043,000,000","5,043,000,000","5,271,000,000","5,556,000,000","5,418,000,000","5,363,000,000","5,405,000,000","6,110,710,000","6,271,542,000","6,502,698,000","7,067,834,000","5,691,537,000","4,554,316,000","6,904,049,000","4,100,284,000","3,258,161,000","2,986,001,000","2,714,955,000","2,270,906,000"
CostOfRevenue,"3,553,000,000","3,553,000,000","3,454,000,000","3,702,000,000","3,746,000,000","3,703,000,000","3,602,000,000","3,914,573,000","3,861,572,000","3,915,062,000","3,912,171,000","3,259,461,000","2,717,786,000","3,448,774,000","2,585,249,000","2,086,507,000","1,845,348,000","1,777,905,000","1,565,814,000"
GrossProfit,"1,490,000,000","1,490,000,000","1,817,000,000","1,854,000,000","1,672,000,000","1,660,000,000","1,803,000,000","2,196,137,000","2,409,970,000","2,757,179,000","3,155,663,000","2,432,076,000","1,836,530,000","3,455,275,000","1,515,035,000","1,171,654,000","1,140,653,000","937,050,000","705,092,000"
OperatingExpense,"1,288,000,000","1,288,000,000","1,073,000,000","1,157,000,000","1,065,000,000","1,174,000,000","1,152,000,000","1,259,393,000","1,302,460,000","1,181,076,000","1,223,823,000","1,089,980,000","901,981,000","1,081,066,000","800,375,000","635,209,000","579,324,000","582,682,000","502,069,000"
	SellingGeneralAndAdministration,"998,000,000","998,000,000","1,011,000,000","1,055,000,000","997,000,000","1,038,000,000","1,012,000,000","1,125,376,000","1,166,617,000","1,106,374,000","1,135,476,000","1,013,850,000","754,014,000","988,007,000","761,186,000","600,116,000","549,047,000","550,567,000","472,921,000"
		GeneralAndAdministrativeExpense,"232,000,000","232,000,000","886,000,000","935,000,000","870,000,000","316,000,000","934,000,000","974,404,000","1,014,087,000","958,372,000","404,567,000","344,198,000","195,889,000","332,083,000","237,443,000","189,766,000","162,349,000","160,427,000","148,291,000"
			SalariesAndWages,,,"286,000,000","297,000,000","312,000,000","25,000,000","311,000,000","313,009,000","365,760,000","348,817,000","293,371,000","261,462,000",,"252,309,000","177,224,000","142,915,000","119,290,000","116,594,000","111,327,000"
			RentAndLandingFees,,,,,,,"26,000,000",,,,,,,,,,,,
			InsuranceAndClaims,,,"499,000,000","553,000,000","467,000,000","-30,000,000","417,000,000","528,276,000","546,517,000","511,364,000",,,,,,,,,
			OtherGandA,"232,000,000","232,000,000","101,000,000","85,000,000","91,000,000","321,000,000","180,000,000","133,119,000","101,810,000","98,191,000","111,196,000","82,736,000","195,889,000","79,774,000","60,219,000","46,851,000","43,059,000","43,833,000","36,964,000"
		SellingAndMarketingExpense,"766,000,000","766,000,000","125,000,000","120,000,000","127,000,000","722,000,000","78,000,000","150,972,000","152,530,000","148,002,000","730,909,000","669,652,000","558,125,000","655,924,000","523,743,000","410,350,000","386,698,000","390,140,000","324,630,000"
	ResearchAndDevelopment,"54,000,000","54,000,000","50,000,000","55,000,000","55,000,000","73,000,000","74,000,000","86,943,000","82,870,000","77,198,000","72,195,000","64,064,000","53,823,000","57,317,000","39,189,000","35,093,000","30,277,000","32,115,000","29,148,000"
	DepreciationAmortizationDepletionIncomeStatement,,,,,,,"35,000,000",,,,,,,,,,,,
		DepreciationAndAmortizationInIncomeStatement,,,,,,,"35,000,000",,,,,,,,,,,,
	ProvisionForDoubtfulAccounts,,,,,,,"4,000,000",,,,,,,,,,,,
	OtherTaxes,,,,,,,,"0","0","-15,267,000",,,,,,,,,
	OtherOperatingExpenses,"236,000,000","236,000,000","12,000,000","47,000,000","13,000,000","63,000,000","27,000,000","47,074,000","52,973,000","12,771,000","16,152,000","12,066,000","94,144,000","35,742,000",,,,,
OperatingIncome,"202,000,000","202,000,000","744,000,000","697,000,000","607,000,000","486,000,000","651,000,000","936,744,000","1,107,510,000","1,576,103,000","1,931,840,000","1,342,096,000","934,549,000","2,374,209,000","714,660,000","536,445,000","561,329,000","354,368,000","203,023,000"
NetNonOperatingInterestIncomeExpense,"-158,000,000","-158,000,000","-140,000,000","-106,000,000","-151,000,000","-150,000,000","-102,000,000","-83,729,000","-86,357,000","-57,682,000","-62,258,000","-53,182,000","6,115,000","-122,084,000","-54,077,000","-39,250,000","-10,237,000","-38,215,000","-32,314,000"
	InterestIncomeNonOperating,"61,000,000","61,000,000","8,000,000",,,"0","1,000,000","1,974,000","8,607,000","30,733,000","22,613,000","10,408,000","89,539,000","27,506,000",,,,,
	InterestExpenseNonOperating,"219,000,000","219,000,000","109,000,000","95,000,000","97,000,000","129,000,000","80,000,000","86,736,000","48,494,000","54,194,000","48,033,000","43,585,000","83,424,000","84,580,000","50,671,000","35,479,000","42,241,000","31,554,000","34,148,000"
	TotalOtherFinanceCost,,,"39,000,000","11,000,000","54,000,000","21,000,000","23,000,000","-1,033,000","46,470,000","34,221,000","36,838,000","20,005,000",,"65,010,000","3,406,000","3,771,000","-32,004,000","6,661,000","-1,834,000"
OtherIncomeExpense,"5,000,000","5,000,000","24,000,000","773,000,000","49,000,000","-453,000,000","119,000,000","-220,761,000","79,043,000","7,738,000","2,126,000","6,509,000","2,142,000","-24,916,000","-19,381,000","-2,294,000","-36,820,000","-6,698,000","-43,738,000"
	GainOnSaleOfSecurity,,,"11,000,000","-52,000,000","27,000,000","18,000,000","-6,000,000","-72,219,000","59,502,000","-935,000",,,,,,,,,
	EarningsFromEquityInterest,"5,000,000","5,000,000","1,000,000","3,000,000","0","18,000,000","18,000,000","66,272,000","27,512,000","10,206,000","8,001,000","2,478,000","-1,482,000","13,804,000",,,,,
	SpecialIncomeCharges,,,"12,000,000","822,000,000","22,000,000","-489,000,000","107,000,000","-214,814,000","-7,971,000","-1,533,000","-5,875,000","4,031,000","3,624,000","-38,720,000","-19,381,000","-2,294,000","-36,820,000","-6,698,000","-43,738,000"
		RestructuringAndMergernAcquisition,,,,,,,,,"0","0",,,,,,,,,
		ImpairmentOfCapitalAssets,,,,,,,,,,,"0","0",,"47,428,000",,,"24,000,000",,"21,540,000"
		WriteOff,,,"0","19,000,000","32,000,000","489,000,000","90,000,000","71,234,000","10,658,000","0",,,,,"0","-4,974,000",,"22,316,000",
		OtherSpecialCharges,,,,,,,"18,000,000","149,326,000",,,"8,271,000","-4,867,000",,"-13,388,000","19,381,000","7,268,000","12,820,000","-15,618,000","22,198,000"
		GainOnSaleOfBusiness,,,,"841,000,000","54,000,000","0","215,000,000",,,,,,,,,,,,
		GainOnSaleOfPPE,,,"12,000,000",,,"0",,"5,746,000","2,687,000","-1,533,000","2,396,000","-836,000",,"-4,680,000",,,,,
PretaxIncome,"49,000,000","49,000,000","628,000,000","1,364,000,000","505,000,000","-117,000,000","668,000,000","632,254,000","1,100,196,000","1,526,159,000","1,871,708,000","1,295,423,000","942,806,000","2,227,209,000","641,202,000","494,901,000","514,272,000","309,455,000","126,971,000"
TaxProvision,"25,000,000","25,000,000","147,000,000","129,000,000","158,000,000","55,000,000","162,000,000","166,152,000","280,023,000","221,026,000","348,692,000","266,806,000","168,492,000","233,241,000","113,059,000","136,686,000","101,838,000","59,216,000","26,487,000"
EarningsFromEquityInterestNetOfTax,,,,,,,,,,,,,,,"3,940,000","3,843,000","605,000","338,000","-555,000"
NetIncomeCommonStockholders,"11,000,000","11,000,000","475,000,000","1,240,000,000","364,000,000","-122,000,000","509,000,000","463,555,000","818,573,000","1,300,523,000","1,511,821,000","1,024,740,000","770,420,000","2,004,238,000","535,640,000","373,903,000","422,173,000","250,503,000","103,077,000"
	NetIncome,"11,000,000","11,000,000","475,000,000","1,240,000,000","364,000,000","-122,000,000","509,000,000","463,555,000","818,573,000","1,300,523,000","1,511,821,000","1,024,740,000","770,420,000","2,004,238,000","535,640,000","373,903,000","422,173,000","250,503,000","103,077,000"
		NetIncomeIncludingNoncontrollingInterests,"24,000,000","24,000,000","481,000,000","1,235,000,000","347,000,000","-172,000,000","506,000,000","466,102,000","820,173,000","1,305,133,000","1,523,016,000","1,028,617,000","774,314,000","1,993,968,000","532,083,000","362,058,000","413,039,000","250,577,000","99,929,000"
			NetIncomeContinuousOperations,"24,000,000","24,000,000","481,000,000","1,235,000,000","347,000,000","-172,000,000","506,000,000","466,102,000","820,173,000","1,305,133,000","1,523,016,000","1,028,617,000","774,314,000","1,993,968,000","532,083,000","362,058,000","413,039,000","250,577,000","99,929,000"
		MinorityInterests,"-13,000,000","-13,000,000","-6,000,000","5,000,000","17,000,000","50,000,000","3,000,000","-2,547,000","-1,600,000","-4,610,000","-11,195,000","-3,877,000","-3,894,000","10,270,000","3,557,000","11,845,000","9,134,000","-74,000","3,148,000"
AverageDilutionEarnings,,,,,,,,,,,,,,,,,,"423,000",
DilutedNIAvailtoComStockholders,"11,000,000","11,000,000","475,000,000","1,240,000,000","364,000,000","-122,000,000","509,000,000","463,555,000","818,573,000","1,300,523,000","1,511,821,000","1,024,740,000","770,420,000","2,004,238,000","535,640,000","373,903,000","422,173,000","250,926,000","103,077,000"
BasicEPS,,,"0.37","0.97","0.29","-0.1","0.4","0.365","0.644","1.024","1.193","0.81","0.597","1.565","0.417","0.291","0.329","0.206","0.084"
DilutedEPS,,,"0.37","0.97","0.29","-0.1","0.4","0.365","0.644","1.024","1.188","0.806","0.597","1.559","0.416","0.291","0.329","0.202","0.084"
BasicAverageShares,,,"1,278,950,000","1,277,209,000","1,276,072,000","1,273,989,000","1,272,500,000","1,270,013,699","1,271,076,087","1,270,009,000","1,267,699,000","1,264,425,000","1,291,155,548","1,280,446,000","1,285,069,000","1,282,982,000","1,284,491,000","1,213,423,000","1,261,162,000"
DilutedAverageShares,,,"1,280,638,000","1,279,781,000","1,276,997,000","1,273,989,000","1,272,500,000","1,270,013,699","1,271,076,087","1,270,117,000","1,272,945,000","1,271,598,000","1,291,155,548","1,285,528,000","1,286,337,000","1,284,579,000","1,284,491,000","1,239,247,000","1,261,162,000"
TotalOperatingIncomeAsReported,"202,000,000","202,000,000","756,000,000","1,519,000,000","629,000,000","-3,000,000","765,000,000","757,670,000","1,101,366,000","1,576,515,000",,,,,,,,,
RentExpenseSupplemental,,,,,,,"26,000,000",,,,,,,,,,,,
TotalExpenses,"4,841,000,000","4,841,000,000","4,527,000,000","4,859,000,000","4,811,000,000","4,877,000,000","4,754,000,000","5,173,966,000","5,164,032,000","5,096,138,000","5,135,994,000","4,349,441,000","3,619,767,000","4,529,840,000","3,385,624,000","2,721,716,000","2,424,672,000","2,360,587,000","2,067,883,000"
NetIncomeFromContinuingAndDiscontinuedOperation,"11,000,000","11,000,000","475,000,000","1,240,000,000","364,000,000","-122,000,000","509,000,000","463,555,000","818,573,000","1,300,523,000","1,511,821,000","1,024,740,000","770,420,000","2,004,238,000","535,640,000","373,903,000","422,173,000","250,503,000","103,077,000"
NormalizedIncome,"11,000,000","11,000,000","457,290,000","539,300,000","330,190,000","231,250,000","432,240,000","675,098,321","780,182,405","1,302,633,571.863","1,516,601,510.101","1,021,539,226.873","767,443,657.109","2,038,903,108.196","551,603,673.668","375,563,423.418","451,701,770.534","255,919,299.048","137,690,960.605"
InterestIncome,"61,000,000","61,000,000","8,000,000",,,"0","1,000,000","1,974,000","8,607,000","30,733,000","22,613,000","10,408,000","89,539,000","27,506,000",,,,,
InterestExpense,"219,000,000","219,000,000","109,000,000","95,000,000","97,000,000","129,000,000","80,000,000","86,736,000","48,494,000","54,194,000","48,033,000","43,585,000","83,424,000","84,580,000","50,671,000","35,479,000","42,241,000","31,554,000","34,148,000"
NetInterestIncome,"-158,000,000","-158,000,000","-140,000,000","-106,000,000","-151,000,000","-150,000,000","-102,000,000","-83,729,000","-86,357,000","-57,682,000","-62,258,000","-53,182,000","6,115,000","-122,084,000","-54,077,000","-39,250,000","-10,237,000","-38,215,000","-32,314,000"
EBIT,"268,000,000","268,000,000","737,000,000","1,459,000,000","602,000,000","12,000,000","748,000,000","718,990,000","1,148,690,000","1,580,353,000","1,919,741,000","1,339,008,000","1,026,230,000","2,311,789,000","691,873,000","530,380,000","556,513,000","341,009,000","161,119,000"
EBITDA,"757,000,000"
ReconciledCostOfRevenue,"3,553,000,000","3,553,000,000","3,454,000,000","3,702,000,000","3,746,000,000","3,703,000,000","3,207,000,000","3,914,573,000","3,861,572,000","3,915,062,000","3,912,171,000","3,259,461,000","2,717,786,000","3,448,774,000","2,585,249,000","2,086,507,000","1,845,348,000","1,777,905,000","1,565,814,000"
ReconciledDepreciation,"489,000,000","489,000,000","443,000,000","403,000,000","390,000,000","406,000,000","430,000,000","427,478,000","347,741,000","287,063,000","267,440,000","217,395,000","204,618,000","182,188,000","195,437,000","169,226,000","166,010,000","166,261,000","166,417,000"
NetIncomeFromContinuingOperationNetMinorityInterest,"11,000,000","11,000,000","475,000,000","1,240,000,000","364,000,000","-122,000,000","509,000,000","463,555,000","818,573,000","1,300,523,000","1,511,821,000","1,024,740,000","770,420,000","2,004,238,000","535,640,000","373,903,000","422,173,000","250,503,000","103,077,000"
TotalUnusualItemsExcludingGoodwill,,,"23,000,000","770,000,000","49,000,000","-471,000,000","101,000,000","-287,033,000","51,531,000","-2,468,000","-5,875,000","4,031,000","3,624,000","-38,720,000","-19,381,000","-2,294,000","-36,820,000","-6,698,000","-43,738,000"
TotalUnusualItems,,,"23,000,000","770,000,000","49,000,000","-471,000,000","101,000,000","-287,033,000","51,531,000","-2,468,000","-5,875,000","4,031,000","3,624,000","-38,720,000","-19,381,000","-2,294,000","-36,820,000","-6,698,000","-43,738,000"
NormalizedEBITDA,"757,000,000","757,000,000","1,157,000,000","1,092,000,000","943,000,000","889,000,000","1,077,000,000","1,433,501,000","1,444,900,000","1,869,884,000","2,193,056,000","1,552,372,000","1,227,224,000","2,532,697,000","906,691,000","701,900,000","759,343,000","513,968,000","371,274,000"
TaxRateForCalcs,"0.23","0.23","0.23","0.09","0.31","0.25","0.24","0.263","0.255","0.145","0.186","0.206","0.179","0.105","0.176","0.276","0.198","0.191","0.209"
TaxEffectOfUnusualItems,"0","0","5,290,000","69,300,000","15,190,000","-117,750,000","24,240,000","-75,489,679","13,140,405","-357,428.137","-1,094,489.899","830,226.873","647,657.109","-4,054,891.804","-3,417,326.332","-633,576.582","-7,291,229.466","-1,281,700.952","-9,124,039.395"