name,ttm,12/31/2020,12/31/2019,12/31/2018,12/31/2017,12/31/2016,12/31/2015,12/31/2014,12/31/2013,12/31/2012,12/31/2011,12/31/2010,12/31/2009,12/31/2008,12/31/2007,12/31/2006
TotalRevenue,"800,300,000","824,000,000","928,600,000","889,600,000","846,800,000","883,800,000","1,321,100,000","2,253,600,000","2,041,300,000","2,188,700,000","1,854,600,000","736,345,234.653","1,208,655,812.388","519,807,375.709","501,304,667.402","360,755,020.08"
	OperatingRevenue,"800,300,000","824,000,000","928,600,000","889,600,000","846,800,000","883,800,000","1,321,100,000","2,253,600,000","2,041,300,000","2,188,700,000","1,854,600,000","736,345,234.653","1,208,655,812.388","519,807,375.709","501,304,667.402","360,755,020.08"
CostOfRevenue,"48,300,000","48,000,000","50,400,000","55,700,000","63,700,000","72,600,000","79,200,000","145,900,000","161,400,000","205,000,000",,,,,,
GrossProfit,"752,000,000","776,000,000","878,200,000","833,900,000","783,100,000","811,200,000","1,241,900,000","2,107,700,000","1,879,900,000","1,983,700,000",,,,,,
OperatingExpense,"725,400,000","748,400,000","834,300,000","817,300,000","791,300,000","834,700,000","1,208,400,000","2,021,400,000","1,894,100,000","1,972,000,000","1,743,900,000","670,737,723.043","1,172,382,850.585","475,967,853.885","455,255,420.801","327,566,265.06"
	SellingGeneralAndAdministration,"34,800,000","33,900,000","39,200,000","35,800,000","32,100,000","38,500,000","55,100,000","80,900,000","61,300,000","132,500,000","92,100,000","25,855,176.989",,"374,392,671.328","364,737,228.96","282,024,096.386"
		GeneralAndAdministrativeExpense,"34,800,000","33,900,000","39,200,000","35,800,000","32,100,000","38,500,000","55,100,000","80,900,000","61,300,000","132,500,000","92,100,000","25,855,176.989",,"374,392,671.328","364,737,228.96","282,024,096.386"
			RentAndLandingFees,"9,000,000","9,900,000","12,700,000",,,,,,,,,,,,,
	OtherOperatingExpenses,"681,600,000","704,600,000","782,400,000","781,500,000","759,200,000","796,200,000","1,153,300,000","1,940,500,000","1,832,800,000","1,839,500,000","1,504,700,000","621,714,946.674","1,043,253,177.335","86,173,270.081","80,668,871.738","38,120,481.928"
OperatingIncome,"26,600,000","27,600,000","43,900,000","16,600,000","-8,200,000","-23,500,000","33,500,000","86,300,000","-14,200,000","11,700,000","110,700,000","65,607,511.609","36,272,961.803","43,839,521.824","46,049,246.601","33,188,755.02"
NetNonOperatingInterestIncomeExpense,"-16,700,000","-32,100,000","-41,300,000","-33,900,000","-51,300,000","-63,500,000","-52,000,000","-40,500,000","-51,600,000","-60,700,000","-43,700,000","-36,979,707.088","-66,954,848.618","-23,231,935.019","-1,525,174.568","369,477.912"
	InterestIncomeNonOperating,"4,100,000","3,800,000","1,900,000","3,700,000","3,000,000","1,900,000","2,500,000","3,000,000","1,300,000","1,700,000","3,700,000","1,581,928.592","1,052,640.661","3,628,197.259","4,061,006.983","931,726.908"
	InterestExpenseNonOperating,"32,000,000","33,500,000","41,500,000","41,900,000","46,000,000","63,000,000","50,200,000","46,100,000","51,800,000","61,500,000","46,400,000","22,606,269.88","61,208,465.992","21,267,259.033","6,192,576.259","514,056.225"
	TotalOtherFinanceCost,"-11,200,000","2,400,000","1,700,000","-4,300,000","8,300,000","2,400,000","4,300,000","-2,600,000","1,100,000","900,000","1,000,000","15,955,365.8","6,799,023.288","5,592,873.245","-606,394.708","48,192.771"
PretaxIncome,"56,400,000","4,100,000","-51,300,000","-67,600,000","53,100,000","-161,600,000","-119,500,000","-79,600,000","-511,600,000","-369,500,000","-62,500,000","28,287,604.824","-2,122,537.727","20,607,586.804","44,524,072.032","33,558,232.932"
TaxProvision,"14,300,000","11,600,000","-3,600,000","-14,600,000","-10,200,000","900,000","3,700,000","17,500,000","-2,600,000","6,300,000","14,500,000","15,751,245.981","-5,832,664.648","3,542,153.055","12,458,654.906","9,718,875.502"
NetIncomeCommonStockholders,"42,200,000","-7,500,000","-47,700,000","-53,000,000","61,100,000","-165,900,000","-359,300,000","-99,700,000","-518,600,000","-375,800,000","-77,000,000","12,604,398.782","2,588,460.642","17,567,358.271","32,322,675.487","23,839,357.43"
	NetIncome,"42,200,000","-7,500,000","-47,700,000","-53,000,000","61,100,000","-165,900,000","-359,300,000","-99,700,000","-518,600,000","-375,800,000","-77,000,000","12,536,358.843","4,003,485.794","17,567,358.271","32,065,417.126","23,839,357.43"
		NetIncomeIncludingNoncontrollingInterests,"42,200,000","-7,500,000","-47,700,000","-53,000,000","61,100,000","-165,900,000","-359,300,000","-99,700,000","-518,600,000","-375,800,000","-77,000,000","12,604,398.782","3,692,870.517","17,065,433.749","31,808,158.765","23,839,357.43"
			NetIncomeContinuousOperations,"42,100,000","-7,500,000","-47,700,000","-53,000,000","63,300,000","-162,500,000","-123,200,000","-97,100,000","-509,000,000","-375,800,000","-77,000,000","12,604,398.782","3,710,126.921","17,065,433.749","31,808,158.765","23,839,357.43"
			NetIncomeDiscontinuousOperations,,,,"0","-2,200,000","-3,400,000","-236,100,000","-2,600,000","-9,600,000",,,,,,,
		MinorityInterests,,,,,,,,,,,"0","-68,039.939","310,615.277","501,924.522","257,258.361","0"
	PreferredStockDividends,,,,,,,,,,,,,"1,415,025.151",,,
	OtherunderPreferredStockDividend,"0","0","0","0","0","0","0","0","0","0","0","-68,039.939","0","0","-257,258.361","0"
DilutedNIAvailtoComStockholders,"42,200,000","-7,500,000","-47,700,000","-53,000,000","61,100,000","-165,900,000","-359,300,000","-99,700,000","-518,600,000","-375,800,000","-77,000,000","12,604,398.782","2,588,460.642","17,567,358.271","32,322,675.487","23,839,357.43"
BasicEPS,,"-0.05","-0.32","-0.36","0.46","-2.771","-6.007","-1.647","-9.108","-9.98","-2.325","0.808","0.1","1.584","3.134","2.304"
DilutedEPS,,"-0.05","-0.32","-0.36","0.46","-2.771","-6.007","-1.647","-9.108","-9.98","-2.325","0.775","0.1","1.584","3.08","2.272"
BasicAverageShares,,"148,050,298","147,607,069","147,428,948","131,416,088","59,986,437","59,774,466","59,774,466","56,709,987","37,833,513","33,276,640","15,692,904","26,066,749","11,066,292","10,320,895","10,320,895"
DilutedAverageShares,,"148,050,298","147,607,069","147,428,948","131,677,396","59,986,437","59,774,466","59,774,466","56,709,987","37,833,513","33,276,640","16,093,403","26,269,142","11,066,292","10,478,261","10,478,261"
TotalOperatingIncomeAsReported,"15,600,000","19,400,000","42,500,000","15,500,000","-10,700,000","-41,000,000","-12,500,000","25,900,000","-437,900,000","-327,000,000","-15,900,000","65,607,511.609","36,255,705.399","43,839,521.824","46,049,246.601","33,188,755.02"
RentExpenseSupplemental,"9,000,000","9,900,000","12,700,000",,,,,,,,,,,,,
TotalExpenses,"773,700,000","796,400,000","884,700,000","873,000,000","855,000,000","907,300,000","1,287,600,000","2,167,300,000","2,055,500,000","2,177,000,000","1,743,900,000","670,737,723.043","1,172,382,850.585","475,967,853.885","455,255,420.801","327,566,265.06"
NetIncomeFromContinuingAndDiscontinuedOperation,"42,200,000","-7,500,000","-47,700,000","-53,000,000","61,100,000","-165,900,000","-359,300,000","-99,700,000","-518,600,000","-375,800,000","-77,000,000","12,536,358.843","4,003,485.794","17,567,358.271","32,065,417.126","23,839,357.43"
NormalizedIncome,"32,943,971.631","-11,912,000","-44,598,245.614","-57,936,982.249","-23,636,000","-131,675,000","-39,420,000","7,392,000","336,246,716.185","203,380,000","14,152,000","12,536,358.843","-16,571,670.161","17,567,358.271","32,065,417.126","23,839,357.43"
InterestIncome,"4,100,000","3,800,000","1,900,000","3,700,000","3,000,000","1,900,000","2,500,000","3,000,000","1,300,000","1,700,000","3,700,000","1,581,928.592","1,052,640.661","3,628,197.259","4,061,006.983","931,726.908"
InterestExpense,"32,000,000","33,500,000","41,500,000","41,900,000","46,000,000","63,000,000","50,200,000","46,100,000","51,800,000","61,500,000","46,400,000","22,606,269.88","61,208,465.992","21,267,259.033","6,192,576.259","514,056.225"
NetInterestIncome,"-16,700,000","-32,100,000","-41,300,000","-33,900,000","-51,300,000","-63,500,000","-52,000,000","-40,500,000","-51,600,000","-60,700,000","-43,700,000","-36,979,707.088","-66,954,848.618","-23,231,935.019","-1,525,174.568","369,477.912"
EBIT,"88,400,000","37,600,000","-9,800,000","-25,700,000","99,100,000","-98,600,000","-69,300,000","-33,500,000","-459,800,000","-308,000,000","-16,100,000","50,893,874.704","59,085,928.265","41,874,845.837","50,716,648.291","34,072,289.157"
EBITDA,"136,700,000"
ReconciledCostOfRevenue,"48,300,000","48,000,000","50,400,000","55,700,000","63,700,000","72,600,000","79,200,000","145,900,000","161,400,000","205,000,000",,,,,,
ReconciledDepreciation,"48,300,000","48,000,000","50,400,000","55,700,000","63,700,000","72,600,000","79,200,000","149,300,000","159,100,000","205,000,000","147,100,000","23,167,599.381","22,709,428.036","15,401,912.476","9,849,320.103","7,421,686.747"
NetIncomeFromContinuingOperationNetMinorityInterest,"42,200,000","-7,500,000","-47,700,000","-53,000,000","63,300,000","-162,500,000","-123,200,000","-97,100,000","-509,000,000","-375,800,000","-77,000,000","12,536,358.843","4,003,485.794","17,567,358.271","32,065,417.126","23,839,357.43"
TotalUnusualItemsExcludingGoodwill,"12,400,000","15,400,000","-1,400,000","7,700,000","118,600,000","-17,500,000","-46,000,000","-60,400,000","-423,700,000","-334,000,000","-126,600,000",,"28,576,605.493",,,
TotalUnusualItems,"20,000,000","23,000,000","400,000","8,800,000","121,800,000","200,000","4,200,000","0","0","4,700,000","-126,600,000",,"28,576,605.493",,,
NormalizedEBITDA,"116,700,000","62,600,000","40,200,000","21,200,000","41,000,000","-26,200,000","5,700,000","115,800,000","-300,700,000","-107,700,000","257,600,000","74,061,474.085","159,638,996.022","57,276,758.313","60,565,968.394","41,493,975.904"
TaxRateForCalcs,"0.254","0.22","0.07","0.216","0.24","0.25","0.27","0.27","0.005","0.28","0.28","0.28","0.28","0.172","0.28","0.29"
TaxEffectOfUnusualItems,"3,143,971.631","3,388,000","-98,245.614","1,663,017.751","28,464,000","-4,375,000","-12,420,000","-16,308,000","-2,153,283.815","-93,520,000","-35,448,000","0","8,001,449.538","0","0","0"