name,ttm,12/31/2020,12/31/2019,12/31/2018,12/31/2017,12/31/2016,12/31/2015,12/31/2014,12/31/2013,12/31/2012,12/31/2011,12/31/2010
TotalRevenue,"38,084,000","25,602,000","38,136,000","56,522,000","131,731,000","72,472,000","247,045,000","276,138,000","236,532,000","152,227,000","76,262,000","54,963,000"
	OperatingRevenue,"38,084,000","25,602,000","38,136,000","56,522,000","131,731,000","72,472,000","247,045,000","276,138,000","236,532,000","152,227,000","76,262,000","54,963,000"
CostOfRevenue,"33,732,000","33,460,000","36,365,000","41,031,000","43,794,000","52,492,000","106,285,000","80,762,000","75,462,000","74,971,000","57,719,000","15,168,000"
GrossProfit,"4,352,000","-7,858,000","1,771,000","15,491,000","87,937,000","19,980,000","140,760,000","195,376,000","161,070,000","77,256,000","18,543,000","39,795,000"
OperatingExpense,"15,943,000","14,887,000","9,153,000","8,766,000","8,818,000","8,908,000","8,578,000","15,706,000","20,887,000","20,832,000","10,919,000","5,373,000"
	SellingGeneralAndAdministration,"16,074,000","14,887,000","9,153,000","8,766,000","8,818,000","8,908,000","8,578,000","15,706,000","20,887,000","20,832,000","10,919,000","5,373,000"
		GeneralAndAdministrativeExpense,"16,074,000","14,887,000","9,153,000","8,766,000","8,818,000","8,908,000","8,578,000","15,706,000","20,887,000","20,832,000","10,919,000","5,373,000"
OperatingIncome,"-11,591,000","-22,745,000","-7,382,000","6,725,000","79,119,000","11,072,000","132,182,000","179,670,000","140,183,000","56,424,000","7,624,000","34,422,000"
NetNonOperatingInterestIncomeExpense,"-199,000","351,000","934,000","-2,728,000","-6,127,000","-7,027,000","-8,219,000","-11,700,000","-9,387,000","-14,110,000","-13,903,000","-17,139,000"
	InterestIncomeNonOperating,"15,000","386,000","948,000","1,943,000","792,000","631,000","130,000","161,000","120,000","19,000","127,000","511,000"
	InterestExpenseNonOperating,"44,000","35,000","14,000","4,671,000","6,919,000","7,658,000","8,349,000","11,861,000","9,379,000","13,447,000","14,030,000","17,650,000"
	TotalOtherFinanceCost,,,,,,,,,"128,000","682,000",,
PretaxIncome,"-157,092,000","-167,696,000","-30,165,000","-21,170,000","28,810,000","1,566,000","123,518,000","167,790,000","132,477,000","42,076,000","-3,528,000","17,283,000"
TaxProvision,"84,000","161,000","427,000","1,694,000","643,000","-745,000","12,515,000","30,306,000","10,214,000","2,682,000","104,000","4,839,000"
NetIncomeCommonStockholders,"-157,176,000","-167,857,000","-30,592,000","-22,864,000","28,167,000","2,311,000","111,003,000","137,484,000","122,263,000","39,394,000","-3,632,000","12,444,000"
	NetIncome,"-157,176,000","-167,857,000","-30,592,000","-22,864,000","28,167,000","2,311,000","111,003,000","137,484,000","122,263,000","39,394,000","-3,632,000","12,444,000"
		NetIncomeIncludingNoncontrollingInterests,"-157,176,000","-167,857,000","-30,592,000","-22,864,000","28,167,000","2,311,000","111,003,000","137,484,000","122,263,000","39,394,000","-3,632,000","12,444,000"
			NetIncomeContinuousOperations,"-157,176,000","-167,857,000","-30,592,000","-22,864,000","28,167,000","2,311,000","111,003,000","137,484,000","122,263,000","39,394,000","-3,632,000","12,444,000"
	OtherunderPreferredStockDividend,"0","0","0","0","0","0","0","0","0","0","0","0"
DilutedNIAvailtoComStockholders,"-157,176,000","-167,857,000","-30,592,000","-22,864,000","28,167,000","2,311,000","111,003,000","137,484,000","122,263,000","39,394,000","-3,632,000","12,444,000"
BasicEPS,,"-3.08","-0.57","-0.52","0.94","0.08","3.7","4.58","4.07","1.31","-0.13","0.85"
DilutedEPS,,"-3.08","-0.57","-0.52","0.94","0.08","3.7","4.58","4.07","1.31","-0.13","0.85"
BasicAverageShares,,"54,582,000","53,484,000","44,221,000","30,032,000","30,032,000","30,032,000","30,032,000","30,032,000","30,032,000","28,727,000","14,605,000"
DilutedAverageShares,,"54,582,000","53,484,000","44,221,000","30,032,000","30,032,000","30,032,000","30,032,000","30,032,000","30,032,000","28,727,000","14,605,000"
TotalOperatingIncomeAsReported,"-156,762,000","-167,916,000","-30,382,000",,"34,119,000","11,072,000","132,182,000","179,670,000","140,183,000","56,424,000","7,624,000","34,422,000"
RentExpenseSupplemental,,,,,"321,000","356,000","483,000","338,000","236,000","148,000","149,000",
TotalExpenses,"49,675,000","48,347,000","45,518,000","49,797,000","52,612,000","61,400,000","114,863,000","96,468,000","96,349,000","95,803,000","68,638,000","20,541,000"
NetIncomeFromContinuingAndDiscontinuedOperation,"-157,176,000","-167,857,000","-30,592,000","-22,864,000","28,167,000","2,311,000","111,003,000","137,484,000","122,263,000","39,394,000","-3,632,000","12,444,000"
NormalizedIncome,"-70,073,400","-50,268,490","-11,816,200","294,240","72,282,916.036","3,144,600","111,271,704.942","137,724,898.123","121,608,664.025","39,394,000","-3,717,840","12,444,000"
InterestIncome,"15,000","386,000","948,000","1,943,000","792,000","631,000","130,000","161,000","120,000","19,000","127,000","511,000"
InterestExpense,"44,000","35,000","14,000","4,671,000","6,919,000","7,658,000","8,349,000","11,861,000","9,379,000","13,447,000","14,030,000","17,650,000"
NetInterestIncome,"-199,000","351,000","934,000","-2,728,000","-6,127,000","-7,027,000","-8,219,000","-11,700,000","-9,387,000","-14,110,000","-13,903,000","-17,139,000"
EBIT,"-157,048,000","-167,661,000","-30,151,000","-16,499,000","35,729,000","9,224,000","131,867,000","179,651,000","141,856,000","55,523,000","10,502,000","34,933,000"
EBITDA,"-146,779,000"
ReconciledCostOfRevenue,"33,732,000","33,460,000","36,365,000","41,031,000","43,794,000","52,492,000","106,285,000","80,762,000","75,462,000","74,971,000","57,719,000","15,168,000"
ReconciledDepreciation,"10,269,000","10,302,000","11,586,000","13,425,000","15,686,000","15,579,000","18,008,000","17,912,000","17,609,000","17,474,000","15,041,000","11,995,000"
NetIncomeFromContinuingOperationNetMinorityInterest,"-157,176,000","-167,857,000","-30,592,000","-22,864,000","28,167,000","2,311,000","111,003,000","137,484,000","122,263,000","39,394,000","-3,632,000","12,444,000"
TotalUnusualItemsExcludingGoodwill,"-145,171,000","-145,171,000","-23,180,000","-25,172,000","-45,123,000","-1,042,000","-299,000","-294,000","709,000","0","116,000",
TotalUnusualItems,"-145,171,000","-145,171,000","-23,180,000","-25,172,000","-45,123,000","-1,042,000","-299,000","-294,000","709,000","0","116,000",
NormalizedEBITDA,"-1,608,000","-12,188,000","4,615,000","22,098,000","96,538,000","25,845,000","150,174,000","197,857,000","158,756,000","72,997,000","25,427,000","46,928,000"
TaxRateForCalcs,"0.4","0.19","0.19","0.08","0.022","0.2","0.101","0.181","0.077","0.064","0.26","0.28"
TaxEffectOfUnusualItems,"-58,068,400","-27,582,490","-4,404,200","-2,013,760","-1,007,083.964","-208,400","-30,295.058","-53,101.877","54,664.025","0","30,160","0"