name,ttm,12/31/2020,12/31/2019,12/31/2018,12/31/2017,12/31/2016,12/31/2015,12/31/2014,12/31/2013,12/31/2012,12/31/2011,12/31/2010,12/31/2009,12/31/2008,12/31/2007,12/31/2006,12/31/2005,12/31/2004,12/31/2003,12/31/2002,12/31/2001,12/31/2000,12/31/1999,12/31/1998,12/31/1997,12/31/1996,12/31/1995,12/31/1994,12/31/1993
TotalRevenue,"771,501,000","936,818,000","1,592,247,000","1,156,357,000","1,000,650,000","859,702,000","1,390,978,000","2,321,765,000","2,098,011,000","2,197,321,000","1,890,372,000","1,355,683,000","1,137,575,000","1,705,579,000","1,577,601,000","1,807,230,000","1,520,724,000","1,059,494,000","928,960,000","651,768,000","767,669,000","672,041,000","372,300,000","418,900,000","517,500,000","245,400,000","180,700,000","174,900,000","92,700,000"
	OperatingRevenue,"771,501,000","936,818,000","1,592,247,000","1,156,357,000","1,000,650,000","859,702,000","1,390,978,000","2,321,765,000","2,098,011,000","2,197,321,000","1,890,372,000","1,355,683,000","1,137,575,000","1,705,579,000","1,577,601,000","1,807,230,000","1,520,724,000","1,059,494,000","928,960,000","651,768,000","767,669,000","672,041,000","372,300,000","418,900,000","517,500,000","245,400,000","180,700,000","174,900,000","92,700,000"
CostOfRevenue,"890,719,000","1,032,906,000","1,504,083,000","1,270,860,000","1,085,511,000","971,973,000","1,330,538,000","1,985,249,000","1,772,199,000","1,775,736,000","1,322,926,000","991,977,000","781,021,000","1,145,884,000","1,054,334,000","1,161,213,000","1,031,412,000","776,688,000","683,878,000","498,325,000","546,350,000","486,024,000","274,100,000","290,900,000","359,300,000","177,500,000","134,400,000","128,300,000","73,800,000"
GrossProfit,"-119,218,000","-96,088,000","88,164,000","-114,503,000","-84,861,000","-112,271,000","60,440,000","336,516,000","325,812,000","421,585,000","567,446,000","363,706,000","356,554,000","559,695,000","523,267,000","646,017,000","489,312,000","282,806,000","245,082,000","153,443,000","221,319,000","186,017,000","98,200,000","128,000,000","158,200,000","67,900,000","46,300,000","46,600,000","18,900,000"
OperatingExpense,"44,347,000","41,446,000","59,111,000","47,144,000","39,822,000","62,790,000","103,176,000","173,779,000","90,175,000","77,440,000","254,740,000","174,388,000","167,419,000","189,570,000","140,342,000","127,554,000","211,481,000","108,139,000","107,259,000","68,825,000","55,427,000","53,465,000","42,000,000","38,500,000","31,700,000","20,000,000","13,700,000","10,500,000","6,500,000"
	SellingGeneralAndAdministration,"44,347,000","41,446,000","59,111,000","47,144,000","39,822,000","62,790,000","74,895,000","84,284,000","90,175,000","77,440,000","76,813,000","54,195,000","59,688,000","63,761,000","47,706,000","46,633,000","136,564,000","57,183,000","63,050,000","29,655,000","26,243,000","26,940,000","19,300,000","18,000,000","19,200,000","13,600,000","8,700,000","7,100,000","4,300,000"
		GeneralAndAdministrativeExpense,"44,347,000","41,446,000","59,111,000","47,144,000","39,822,000","62,790,000","74,895,000","84,284,000","90,175,000","77,440,000","76,813,000","54,195,000","59,688,000",,,,,,,,,,,,,,,,
			SalariesAndWages,"3,381,000","-2,121,000","4,047,000","707,000","656,000","10,287,000","37,000","-13,573,000","2,049,000","-3,397,000","6,555,000","1,366,000","8,804,000",,,,,,,,,,,,,,,,
			OtherGandA,"40,966,000","43,567,000","55,064,000","46,437,000","39,166,000","52,503,000","74,858,000","97,857,000","88,126,000","80,837,000","70,258,000","52,829,000","50,884,000",,,,,,,,,,,,,,,,
	DepreciationAmortizationDepletionIncomeStatement,,,,,,"349,947,000","335,513,000","298,854,000","248,026,000","220,227,000","177,927,000","135,799,000","111,015,000","125,809,000","92,636,000","80,921,000","74,917,000","50,956,000","44,209,000","39,170,000","29,184,000","26,525,000","22,700,000","20,500,000","12,500,000","6,400,000","5,000,000","3,400,000","2,200,000"
		DepreciationAndAmortizationInIncomeStatement,,,,,,"349,947,000","335,513,000","298,854,000","248,026,000","220,227,000","177,927,000","135,799,000","111,015,000","125,809,000","92,636,000","80,921,000","74,917,000","50,956,000","44,209,000","39,170,000","29,184,000","26,525,000","22,700,000","20,500,000","12,500,000","6,400,000","5,000,000","3,400,000","2,200,000"
			DepreciationIncomeStatement,,,,,,"349,947,000","335,513,000","298,854,000","248,026,000","220,227,000","177,927,000","135,799,000","111,015,000",,,,,,,,,,,,,,,,
	OtherOperatingExpenses,,,,,,,"28,281,000","89,495,000",,,,"-15,606,000","-3,284,000",,,,,,,,,,,,,,,,
OperatingIncome,"-163,565,000","-137,534,000","29,053,000","-161,647,000","-124,683,000","-175,061,000","-42,736,000","162,737,000","235,637,000","344,145,000","312,706,000","189,318,000","189,135,000","370,125,000","382,925,000","518,463,000","277,831,000","174,667,000","137,823,000","84,618,000","165,892,000","132,552,000","56,200,000","89,500,000","126,500,000","47,900,000","32,600,000","36,100,000","12,400,000"
NetNonOperatingInterestIncomeExpense,"-110,579,000","-119,261,000","-149,159,000","-52,416,000","-41,210,000","-30,471,000","-24,913,000","-20,687,000","-17,475,000","-18,162,000","-5,939,000","-1,279,000","-1,432,000",,,,,,,,,,,,,,,,
	InterestIncomeNonOperating,,,,,"281,000","367,000","420,000","859,000","1,320,000","504,000","647,000",,,,,,,,,,,,,,,,,,
	InterestExpenseNonOperating,"98,961,000","107,374,000","149,159,000","52,416,000","41,491,000","30,838,000","25,333,000","21,546,000","18,795,000","18,666,000","6,586,000","1,279,000","1,432,000",,,,,,,,,,,,,,,,
	TotalOtherFinanceCost,"11,618,000","11,887,000",,,,,,,,,,,,,,,,,,,,,,,,,,,
OtherIncomeExpense,"131,839,000","136,267,000","-63,491,000","220,547,000","-21,903,000","987,000","-62,105,000","-30,836,000","-21,095,000","-6,446,000","4,843,000","1,279,000","1,432,000","-461,000","0","0","0","0","0","0","0","0",,"0",,"-100,000","0","100,000","1,300,000"
	GainOnSaleOfSecurity,"8,498,000","5,726,000","-25,426,000","19,001,000","-21,903,000","987,000","-62,105,000","-30,836,000","-21,095,000","-6,446,000",,,,,,,,,,,,,,,,,,,
	EarningsFromEquityInterest,"309,000","-1,349,000","-39,892,000","874,000",,,,,,,,,,,,,,,,,,,,,,,,,
	SpecialIncomeCharges,"-33,615,000","-30,959,000","-2,820,000","200,672,000",,"0","-28,281,000","-89,495,000",,,"4,843,000",,,,,,,,,,,,,,,,,,
		RestructuringAndMergernAcquisition,"18,698,000","16,042,000","12,644,000",,,,,,,,,,,,,,,,,,,,,,,,,,
		ImpairmentOfCapitalAssets,,"11,480,000","0","-200,672,000",,,,,,,,,,,,,,,,,,,,,,,,,
		WriteOff,,,,,,"0","28,281,000","89,495,000",,,,,,,,,,,,,,,,,,,,,
		OtherSpecialCharges,,,,,,,"0","0",,,,,,,,,,,,,,,,,,,,,
		GainOnSaleOfPPE,,"-3,437,000","9,824,000",,,,,,,,,,,,,,,,,,,,,,,,,,
	OtherNonOperatingIncomeExpenses,"156,647,000","162,849,000","4,647,000",,,,,,,,,,,,,,,,,,,,,,,,,,
PretaxIncome,"-142,305,000","-120,528,000","-183,597,000","6,484,000","-187,796,000","-204,545,000","-129,754,000","111,214,000","197,067,000","319,537,000","311,610,000","188,039,000","187,703,000","363,119,000","377,676,000","513,336,000","271,008,000","171,164,000","133,307,000","82,695,000","164,787,000","129,039,000","52,500,000","85,400,000","123,400,000","46,500,000","30,900,000","34,600,000","12,600,000"
TaxProvision,"-60,118,000","-53,788,000","-20,143,000","-52,180,000","-150,152,000","-54,023,000","-25,705,000","40,094,000","68,202,000","102,015,000","99,217,000","66,613,000","62,267,000","103,160,000","127,911,000","172,052,000","101,343,000","52,315,000","34,277,000","30,952,000","63,959,000","42,040,000","22,700,000","36,600,000","55,400,000","20,700,000","13,800,000","15,400,000","4,300,000"
NetIncomeCommonStockholders,"-93,629,000","-79,329,000","-162,905,000","58,302,000","-37,644,000","-150,522,000","-104,049,000","71,120,000","128,865,000","217,522,000","212,393,000","121,426,000","125,436,000","259,959,000","249,765,000","341,284,000","169,665,000","118,849,000","99,030,000","51,743,000","100,828,000","74,481,000","18,800,000","48,800,000","68,000,000","25,800,000","17,100,000","19,200,000","8,300,000"
	NetIncome,"-93,629,000","-79,329,000","-162,905,000","58,302,000","-37,644,000","-150,522,000","-104,049,000","71,120,000","128,865,000","217,522,000","212,393,000","121,426,000","125,436,000","259,959,000","249,765,000","341,284,000","169,665,000","118,849,000","99,030,000","51,743,000","100,828,000","86,999,000","29,800,000","48,800,000","68,000,000","25,800,000","17,100,000","19,200,000","8,300,000"
		NetIncomeIncludingNoncontrollingInterests,"-93,859,000","-79,539,000","-163,454,000","58,664,000","-37,644,000","-150,522,000","-104,049,000","71,120,000","128,865,000","217,522,000","212,393,000","121,426,000","125,436,000","259,959,000","249,765,000","341,284,000","169,665,000","118,849,000","99,030,000","51,743,000","100,828,000","86,999,000","29,800,000","48,800,000","68,000,000","25,800,000","17,100,000","19,200,000","8,300,000"
			NetIncomeContinuousOperations,"-82,187,000","-66,740,000","-163,454,000","58,664,000","-37,644,000","-150,522,000","-104,049,000","71,120,000","128,865,000","217,522,000","212,393,000","121,426,000","125,436,000","259,959,000","249,765,000","341,284,000","169,665,000","118,849,000","99,030,000","51,743,000","100,828,000","86,999,000","29,800,000","48,800,000","68,000,000","25,800,000","17,100,000","19,200,000","8,300,000"
			NetIncomeDiscontinuousOperations,"-11,672,000","-12,799,000",,,,,,,,,,,,,,,,,,,,,,,,,,,
		MinorityInterests,"230,000","210,000","549,000","-362,000",,,,,,,,,,,,,,,,,,,,,,,,,
	PreferredStockDividends,,,,,,,,,,,,,,,,,,,,,,"12,518,000","11,000,000",,,,,,
DilutedNIAvailtoComStockholders,"-93,629,000","-79,329,000","-162,905,000","58,302,000","-37,644,000","-150,522,000","-104,049,000","71,120,000","128,865,000","217,522,000","212,393,000","121,426,000","125,436,000","259,959,000","249,765,000","341,284,000","169,665,000","118,849,000","99,030,000","51,743,000","100,828,000","74,481,000","18,800,000","48,800,000","68,000,000","25,800,000","17,100,000","19,200,000","8,300,000"
BasicEPS,,"-0.49","-1.02","0.37","-0.24","-0.99","-0.68","0.47","0.84","1.42","1.39","0.79","0.82","1.7","1.64","2.25","1.12","0.79","0.66","0.35","0.685","0.597","0.21","0.36","0.55","0.212","0.15","0.175","0.08"
DilutedEPS,,"-0.49","-1.02","0.37","-0.24","-0.99","-0.68","0.46","0.84","1.42","1.388","0.79","0.82","1.68","1.62","2.18","1.085","0.77","0.645","0.345","0.67","0.585","0.205","0.353","0.542","0.21","0.145","0.16","0.07"
BasicAverageShares,,"161,667,010","159,598,788","156,862,920","156,545,624","152,759,973","152,476,615","152,710,636","152,693,280","152,664,447","152,865,133","153,172,370","153,154,557","153,094,863","152,295,732","151,681,778","151,486,607","150,441,772","150,045,455","147,837,143","147,194,161","124,828,492","104,705,882","135,555,556","123,636,364","121,889,764","114,000,000","109,714,286","103,750,000"
DilutedAverageShares,,"161,927,251","159,686,192","157,041,720","156,727,777","153,184,332","152,476,615","153,158,330","153,620,372","152,994,985","153,062,375","153,172,847","153,260,657","154,408,234","154,175,926","156,552,294","156,373,272","154,349,351","153,534,884","149,979,710","150,489,552","127,317,949","111,250,000","138,113,208","125,538,462","122,857,143","117,931,034","120,000,000","118,571,429"
TotalOperatingIncomeAsReported,,,,,,"175,061,000","42,736,000","162,737,000","235,637,000","344,145,000",,,,"370,125,000","382,925,000","518,463,000","277,831,000","174,667,000","137,823,000","84,618,000","165,892,000","132,552,000",,"89,500,000",,"47,900,000","32,600,000","36,100,000","12,400,000"
TotalExpenses,"935,066,000","1,074,352,000","1,563,194,000","1,318,004,000","1,125,333,000","1,034,763,000","1,433,714,000","2,159,028,000","1,862,374,000","1,853,176,000","1,577,666,000","1,166,365,000","948,440,000","1,335,454,000","1,194,676,000","1,288,767,000","1,242,893,000","884,827,000","791,137,000","567,150,000","601,777,000","539,489,000","316,100,000","329,400,000","391,000,000","197,500,000","148,100,000","138,800,000","80,300,000"
NetIncomeFromContinuingAndDiscontinuedOperation,"-93,629,000","-79,329,000","-162,905,000","58,302,000","-37,644,000","-150,522,000","-104,049,000","71,120,000","128,865,000","217,522,000","212,393,000","121,426,000","125,436,000","259,959,000","249,765,000","341,284,000","169,665,000","118,849,000","99,030,000","51,743,000","100,828,000","86,999,000","29,800,000","48,800,000","68,000,000","25,800,000","17,100,000","19,200,000","8,300,000"
NormalizedIncome,"-66,886,800","-47,983,745","-137,822,552","-103,157,655","-21,545,295","-151,248,320.438","-54,247,351.149","90,839,246.857","142,659,329.72","221,910,057.759","209,092,017.044","121,426,000","125,436,000","259,959,000","249,765,000","341,284,000","169,665,000","118,849,000","99,030,000","51,743,000","100,828,000","86,999,000","29,800,000","48,800,000","68,000,000","25,800,000","17,100,000","19,200,000","8,300,000"
InterestIncome,,,,,"281,000","367,000","420,000","859,000","1,320,000","504,000","647,000",,,,,,,,,,,,,,,,,,
InterestExpense,"98,961,000","107,374,000","149,159,000","52,416,000","41,491,000","30,838,000","25,333,000","21,546,000","18,795,000","18,666,000","6,586,000","1,279,000","1,432,000","6,545,000","5,249,000","5,127,000","6,823,000","3,503,000","4,516,000","1,923,000","1,105,000","3,513,000",,"4,100,000",,"1,300,000","1,700,000","1,600,000","1,200,000"
NetInterestIncome,"-110,579,000","-119,261,000","-149,159,000","-52,416,000","-41,210,000","-30,471,000","-24,913,000","-20,687,000","-17,475,000","-18,162,000","-5,939,000","-1,279,000","-1,432,000","-6,545,000","-5,249,000","-5,127,000","-6,823,000","-3,503,000","-4,516,000","-1,923,000","-1,105,000","-3,513,000",,"-4,100,000",,"-1,300,000","-1,700,000","-1,600,000","-1,200,000"
EBIT,"-43,344,000","-13,154,000","-34,438,000","58,900,000","-146,305,000","-173,707,000","-104,421,000","132,760,000","215,862,000","338,203,000","318,196,000","189,318,000","189,135,000","370,125,000","382,925,000","518,463,000","277,831,000","174,667,000","137,823,000","84,618,000","165,892,000","132,552,000","56,200,000","89,500,000","126,500,000","47,900,000","32,600,000","36,100,000","12,400,000"
EBITDA,"312,553,000"
ReconciledCostOfRevenue,"890,719,000","1,032,906,000","1,504,083,000","1,270,860,000","1,085,511,000","971,973,000","1,330,538,000","1,985,249,000","1,772,199,000","1,775,736,000","1,322,926,000","991,977,000","781,021,000","1,145,884,000","1,054,334,000","1,161,213,000","1,031,412,000","776,688,000","683,878,000","498,325,000","546,350,000","486,024,000","274,100,000","290,900,000","359,300,000","177,500,000","134,400,000","128,300,000","73,800,000"
ReconciledDepreciation,"355,897,000","374,705,000","363,144,000","415,036,000","325,811,000","349,947,000","335,513,000","298,854,000","248,026,000","220,227,000","177,927,000","135,799,000","111,015,000","125,809,000","92,636,000","80,921,000","74,917,000","50,956,000","44,209,000","39,170,000","29,184,000","26,525,000","22,700,000","20,500,000","12,500,000","6,400,000","5,000,000","3,400,000","2,200,000"
NetIncomeFromContinuingOperationNetMinorityInterest,"-81,957,000","-66,530,000","-162,905,000","58,302,000","-37,644,000","-150,522,000","-104,049,000","71,120,000","128,865,000","217,522,000","212,393,000","121,426,000","125,436,000","259,959,000","249,765,000","341,284,000","169,665,000","118,849,000","99,030,000","51,743,000","100,828,000","86,999,000","29,800,000","48,800,000","68,000,000","25,800,000","17,100,000","19,200,000","8,300,000"
TotalUnusualItemsExcludingGoodwill,"-25,117,000","-25,233,000","-28,246,000","219,673,000","-21,903,000","987,000","-62,105,000","-30,836,000","-21,095,000","-6,446,000","4,843,000",,,,,,,,,,,,,,,,,,
TotalUnusualItems,"-25,117,000","-25,233,000","-28,246,000","219,673,000","-21,903,000","987,000","-62,105,000","-30,836,000","-21,095,000","-6,446,000","4,843,000",,,,,,,,,,,,,,,,,,
NormalizedEBITDA,"337,670,000","386,784,000","356,952,000","254,263,000","201,409,000","175,253,000","293,197,000","462,450,000","484,983,000","564,876,000","491,280,000","325,117,000","300,150,000","495,934,000","475,561,000","599,384,000","352,748,000","225,623,000","182,032,000","123,788,000","195,076,000","159,077,000","78,900,000","110,000,000","139,000,000","54,300,000","37,600,000","39,500,000","14,600,000"
TaxRateForCalcs,"0.4","0.265","0.112","0.265","0.265","0.264","0.198","0.361","0.346","0.319","0.318","0.354","0.332","0.284","0.339","0.335","0.374","0.306","0.257","0.374","0.388","0.326","0.4","0.4","0.4","0.4","0.4","0.4","0.341"
TaxEffectOfUnusualItems,"-10,046,800","-6,686,745","-3,163,552","58,213,345","-5,804,295","260,679.562","-12,303,351.149","-11,116,753.143","-7,300,670.28","-2,057,942.241","1,542,017.044","0","0","0","0","0","0","0","0","0","0","0","0","0","0","0","0","0","0"