name,ttm,12/31/2020,12/31/2019,12/31/2018,12/31/2017,12/31/2016,12/31/2015,12/31/2014,12/31/2013,12/31/2012,12/31/2011,12/31/2010,12/31/2009,12/31/2008,12/31/2007,12/31/2006,12/31/2005,12/31/2004,12/31/2003,12/31/2002,12/31/2001,12/31/2000,12/31/1999,04/30/1999,04/30/1998,04/30/1997,04/30/1996
TotalRevenue,"804,342,000","935,753,000","1,541,320,000","1,541,189,000","1,321,224,000","951,411,000","1,555,624,000","2,350,538,000","2,029,977,000","2,040,741,000","1,951,027,000","1,429,653,000","1,197,446,000","1,101,890,481","1,009,200,516","1,437,583,877","1,269,178,974","2,325,215,983","1,917,933,000","1,689,150,000","1,953,563,000","1,355,453,000","511,400,000","693,900,000","1,012,500,000","455,000,000","163,100,000"
	OperatingRevenue,"804,342,000","935,753,000","1,541,320,000","1,541,189,000","1,321,224,000","951,411,000","1,555,624,000","2,350,538,000","2,029,977,000","2,040,741,000","1,951,027,000","1,429,653,000","1,197,446,000","1,101,890,481","1,009,200,516","1,437,583,877","1,269,178,974","2,325,215,983","1,917,933,000","1,689,150,000","1,953,563,000","1,355,453,000","511,400,000","693,900,000","1,012,500,000","455,000,000","163,100,000"
CostOfRevenue,"824,218,000","899,742,000","1,372,583,000","1,433,531,000","1,303,917,000","998,954,000","1,410,995,000","1,854,496,000","1,581,796,000","1,550,826,000","1,131,022,000","886,748,000","692,243,000","598,181,156","516,093,952","688,207,130","641,804,861","1,471,227,502","1,273,434,000","1,190,991,000","1,238,128,000","869,479,000","345,500,000","449,000,000","619,400,000","314,900,000","111,800,000"
GrossProfit,"-19,876,000","36,011,000","168,737,000","107,658,000","17,307,000","-47,543,000","144,629,000","496,042,000","448,181,000","489,915,000","820,005,000","542,905,000","505,203,000","503,709,325","493,106,564","749,376,747","627,374,113","853,988,481","644,499,000","498,159,000","715,435,000","485,974,000","165,900,000","244,900,000","393,100,000","140,100,000","51,300,000"
OperatingExpense,"85,658,000","70,869,000","124,273,000","98,187,000","90,072,000","102,682,000","303,262,000","271,040,000","142,507,000","319,117,000","491,317,000","290,241,000","318,375,000","151,004,128","136,755,388","154,098,322","144,483,080","429,535,637","347,389,000","339,138,000","331,058,000","247,890,000","102,800,000","128,200,000","131,900,000","54,600,000","20,000,000"
	SellingGeneralAndAdministration,"85,658,000","70,869,000","104,010,000","112,387,000","90,072,000","110,287,000","136,776,000","144,341,000","142,507,000","126,648,000","124,941,000","107,522,000","98,202,000","67,174,599","56,032,377","81,217,381","76,397,255","173,672,906","136,747,000","158,490,000","153,498,000","102,848,000","41,300,000","51,100,000","59,300,000","29,400,000","12,300,000"
		GeneralAndAdministrativeExpense,"85,658,000","70,869,000","104,010,000","112,387,000","90,072,000","110,287,000","136,776,000","144,341,000","142,507,000","126,648,000",,,,,,,,,,,,,,,,,
			OtherGandA,"85,658,000","70,869,000","104,010,000","112,387,000","90,072,000","110,287,000","136,776,000","144,341,000","142,507,000","126,648,000",,,,,,,,,,,,,,,,,
	ResearchAndDevelopment,,,,,,,,,,,,,,,,,,"48,759,299","42,419,000","34,862,000","32,440,000","20,288,000","3,600,000",,,,
	DepreciationAmortizationDepletionIncomeStatement,,,,,,,,,,,"251,483,000","182,719,000","138,000,000","83,829,529","78,325,554","73,233,924","71,560,647","203,828,894","170,788,000","141,429,000","176,905,000","124,754,000","57,900,000","77,100,000","72,600,000","25,200,000","7,700,000"
		DepreciationAndAmortizationInIncomeStatement,,,,,,,,,,,"251,483,000",,,"83,829,529","78,325,554","73,233,924","71,560,647","203,828,894","170,788,000","141,429,000","176,905,000","124,754,000","57,900,000","77,100,000","72,600,000","25,200,000","7,700,000"
			DepreciationIncomeStatement,,,,,,,,,,,,,,,,,,,,,"145,120,000",,,,,,
			Amortization,,,,,,,,,,,,,,,,,,,,,"31,785,000",,,,,,
				AmortizationOfIntangiblesIncomeStatement,,,,,,,,,,,,,,,,,,,,,"31,785,000",,,,,,
	OtherOperatingExpenses,,,"20,263,000","-14,200,000",,"-7,605,000","166,486,000","126,699,000",,"192,469,000","114,893,000",,"82,173,000",,"2,397,457","-352,983","-3,474,822","3,274,538","-2,565,000","4,357,000","-31,785,000",,,,,,
OperatingIncome,"-105,534,000","-34,858,000","44,464,000","9,471,000","-72,765,000","-150,225,000","-158,633,000","225,002,000","305,674,000","170,798,000","328,688,000","252,664,000","186,828,000","352,705,197","356,351,176","595,278,425","482,891,033","424,452,844","297,110,000","159,021,000","384,377,000","238,084,000","63,100,000","116,700,000","261,200,000","85,500,000","31,300,000"
NetNonOperatingInterestIncomeExpense,"-101,949,000","-107,468,000","-118,453,000","-127,178,000","-137,928,000","-146,360,000","-121,043,000","-109,701,000","-93,248,000","-86,680,000","-115,332,000","-211,327,000","-147,401,000",,,,,,,,,,,,,,
	InterestIncomeNonOperating,,"739,000","1,576,000","1,444,000","1,858,000","3,445,000","17,861,000","987,000","967,000","1,933,000",,,,,,,,,,,,,,,,,
	InterestExpenseNonOperating,"96,485,000","102,004,000","114,140,000","122,188,000","129,464,000","138,561,000","133,161,000","107,205,000","89,872,000","85,251,000","115,332,000","211,327,000","147,401,000",,,,,,,,,,,,,,
	TotalOtherFinanceCost,,"6,203,000","5,889,000","6,434,000","10,322,000","11,244,000","5,743,000","3,483,000","4,343,000","3,362,000",,,,,,,,,,,,,,,,,
OtherIncomeExpense,"35,769,000","33,142,000","65,650,000","-205,889,000","-21,364,000","-12,001,000","-286,496,000","-94,224,000","9,112,000","-56,441,000","27,428,000","12,712,000","122,846,000","2,041,039","-2,398,451","760,718","-156,915,920","1,624,670","5,920,000","-3,418,000","2,911,000","40,000","-900,000","14,700,000","-100,000","-100,000","-300,000"
	GainOnSaleOfSecurity,"-2,419,000","-4,542,000","8,722,000","-4,017,000","2,970,000","-6,008,000","33,251,000","946,000","9,112,000","-3,753,000","23,674,000",,,,,,,,,,,,,,,,
	SpecialIncomeCharges,"38,188,000","37,684,000","56,928,000","-201,872,000","-24,334,000","-5,993,000","-319,747,000","-95,170,000","0","-52,688,000","3,754,000","12,712,000","122,846,000","2,041,039","-2,398,451","760,718","-156,915,920","1,624,670","5,920,000","-3,418,000","2,911,000","40,000","-900,000","14,700,000","-100,000","-100,000","-300,000"
		RestructuringAndMergernAcquisition,,"18,061,000","6,438,000",,"0","5,754,000","20,643,000",,,,,,,,,,"17,512,501",,,,,,,,,,
		ImpairmentOfCapitalAssets,,"0","-5,810,000","207,544,000","15,313,000","0","299,104,000","95,170,000","0","52,539,000",,,,,,,,,,,,,,,,,
		WriteOff,,"0",,,,,,,,,,,,,,,,,,,,,,,,,
		OtherSpecialCharges,"-32,323,000","-43,814,000","-6,815,000","-5,672,000","9,021,000","239,000",,,,"149,000",,,,,,,"139,403,419",,,,,,,,,,
		GainOnSaleOfPPE,"7,815,000","11,931,000","50,741,000",,,,,,,,,,,,,,,,,,,,,,,,
PretaxIncome,"-171,714,000","-109,184,000","-8,339,000","-323,596,000","-232,057,000","-308,586,000","-566,172,000","21,077,000","221,538,000","27,677,000","240,784,000","54,049,000","162,273,000","340,574,308","349,032,675","587,658,434","293,230,608","382,443,005","263,663,000","123,573,000","311,053,000","209,411,000","51,500,000","111,400,000","246,000,000","82,300,000","30,100,000"
TaxProvision,"6,298,000","10,954,000","-14,957,000","-29,326,000","-100,021,000","-153,031,000","-202,736,000","-12,075,000","30,388,000","-24,683,000","47,307,000","-8,042,000","570,000","37,843,613","6,213,129","15,145,620","72,382,835","131,557,475","72,532,000","32,308,000","123,009,000","77,851,000","30,900,000","58,000,000","128,500,000","39,900,000","12,500,000"
NetIncomeCommonStockholders,"-178,012,000","-120,138,000","6,618,000","-294,270,000","-132,036,000","-155,555,000","-363,436,000","33,152,000","191,150,000","52,360,000","193,477,000","62,091,000","155,295,000","302,729,480","345,775,151","579,588,770","1,630,562,856","247,404,608","188,676,000","91,265,000","188,044,000","131,560,000","20,600,000","53,400,000","117,100,000","42,400,000","17,600,000"
	NetIncome,"-178,012,000","-120,138,000","6,618,000","-294,270,000","-132,036,000","-155,555,000","-363,436,000","33,152,000","191,150,000","52,360,000","193,477,000","62,091,000","161,703,000","302,729,480","345,775,151","579,588,770","1,630,562,856","247,404,608","188,676,000","91,265,000","188,044,000","131,560,000","20,600,000","53,400,000","117,500,000","42,400,000","17,600,000"
		NetIncomeIncludingNoncontrollingInterests,"-178,012,000","-120,138,000","6,618,000","-294,270,000","-132,036,000","-155,555,000","-363,436,000","33,152,000","191,150,000","52,360,000","193,477,000","62,091,000","161,703,000","302,729,480","345,775,151","579,588,770","1,630,562,856","248,702,904","190,428,000","92,416,000","188,912,000","131,560,000","20,600,000","53,400,000","117,500,000","42,400,000","17,800,000"
			NetIncomeContinuousOperations,"-178,012,000","-120,138,000","6,618,000","-294,270,000","-132,036,000","-155,555,000","-363,436,000","33,152,000","191,150,000","52,360,000","193,477,000","62,091,000","161,703,000","302,729,480","342,819,545","572,511,650","220,847,773","249,587,233","191,131,000","91,265,000","188,044,000","131,560,000","20,600,000","53,400,000","117,500,000","42,400,000","17,600,000"
			NetIncomeDiscontinuousOperations,,,,,,,,,,,,,"0",,"2,955,606","7,077,120","74,333,062","-1,567,075","-2,455,000",,,,,,,,
			NetIncomeFromTaxLossCarryforward,,,,,,,,,,,,,,,,,"1,335,382,021","-615,551",,,,,,,,,
		MinorityInterests,,,,,,,,,,,,,,,,,,"-1,298,296","-1,752,000","-1,151,000","-868,000",,,,,,"-200,000"
	PreferredStockDividends,,,,,,,,,,,,,"6,408,000",,,,,,,,,,,,"400,000",,
DilutedNIAvailtoComStockholders,"-178,012,000","-120,138,000","6,618,000","-294,270,000","-132,036,000","-155,555,000","-363,436,000","33,152,000","191,150,000","52,360,000","193,477,000","62,091,000","155,295,000","302,729,480","345,775,151","579,588,770","1,630,562,856","247,404,608","188,676,000","91,265,000","188,044,000","131,560,000","20,600,000","53,400,000","117,100,000","42,400,000","17,600,000"
BasicEPS,,"-8.76","0.4","-20","-9","-10.6","-24.8","2.2","13.8","3.8","14","4.6","13","47.8","55","92.4","264.4","24.824","20.126","9.86","20.59","15.66","1.305","3.683","8.178","2.073","1.508"
DilutedEPS,,"-8.76","0.4","-20","-9","-10.6","-24.8","2.2","13.2","3.6","13.4","4.4","12.6","47.8","55","92.4","260","24.476","19.778","9.628","20.126","14.79","1.305","3.538","7.743","1.972","1.392"
BasicAverageShares,,"13,722,000","14,539,100","14,678,000","14,661,950","14,656,650","14,643,900","14,626,650","13,879,150","13,813,800","13,794,950","13,782,750","12,496,250","6,325,350","6,286,821","6,272,606","6,167,030","9,966,359","9,374,750","9,256,096","9,132,794","8,401,032","15,785,460","14,499,067","14,318,922","20,448,542","11,671,102"
DilutedAverageShares,,"13,722,000","14,858,950","14,678,000","14,661,950","14,656,650","14,643,900","14,690,200","14,394,050","14,331,350","14,435,800","14,253,050","12,980,250","6,345,600","6,286,821","6,272,606","6,271,396","10,108,061","9,539,702","9,479,135","9,343,348","8,895,210","15,785,460","15,093,291","15,123,355","21,501,040","12,643,693"
TotalOperatingIncomeAsReported,,,,"9,471,000","-88,078,000","-155,979,000","-461,263,000","225,002,000","305,674,000","170,798,000","328,688,000",,,"352,705,197","356,351,177","595,278,425","465,378,532","424,452,844","297,110,000","159,021,000","384,377,000","238,084,000","63,100,000","116,700,000","261,200,000","85,500,000","31,300,000"
TotalExpenses,"909,876,000","970,611,000","1,496,856,000","1,531,718,000","1,393,989,000","1,101,636,000","1,714,257,000","2,125,536,000","1,724,303,000","1,869,943,000","1,622,339,000","1,176,989,000","1,010,618,000","749,185,284","652,849,340","842,305,452","786,287,941","1,900,763,139","1,620,823,000","1,530,129,000","1,569,186,000","1,117,369,000","448,300,000","577,200,000","751,300,000","369,500,000","131,800,000"
NetIncomeFromContinuingAndDiscontinuedOperation,"-178,012,000","-120,138,000","6,618,000","-294,270,000","-132,036,000","-155,555,000","-363,436,000","33,152,000","191,150,000","52,360,000","193,477,000","62,091,000","161,703,000","302,729,480","345,775,151","579,588,770","295,180,835","248,020,159","188,676,000","91,265,000","188,044,000","131,560,000","20,600,000","53,400,000","117,500,000","42,400,000","17,600,000"
NormalizedIncome,"-199,473,400","-144,497,370","-41,634,750","-107,039,762.203","-116,333,460","-146,734,265","-179,529,059.607","103,820,000","183,287,877.926","94,690,750","171,437,798.242","52,938,360","39,288,508.754","300,915,235.236","345,175,301.185","571,770,537.855","339,029,608.507","248,521,438.081","186,839,554.025","93,789,368.349","186,284,183.879","131,534,870.47","21,140,000","44,580,000","117,560,000","42,460,000","17,780,000"
InterestIncome,,"739,000","1,576,000","1,444,000","1,858,000","3,445,000","17,861,000","987,000","967,000","1,933,000",,,,,,,,,,,,,,,,,
InterestExpense,"96,485,000","102,004,000","114,140,000","122,188,000","129,464,000","138,561,000","133,161,000","107,205,000","89,872,000","85,251,000","115,332,000","211,327,000","147,401,000",,,,,,,,,,,,,,
NetInterestIncome,"-101,949,000","-107,468,000","-118,453,000","-127,178,000","-137,928,000","-146,360,000","-121,043,000","-109,701,000","-93,248,000","-86,680,000","-115,332,000","-211,327,000","-147,401,000",,,,,,,,,,,,,,
EBIT,"-75,229,000","-7,180,000","105,801,000","-201,408,000","-102,593,000","-170,025,000","-433,011,000","128,282,000","311,410,000","112,928,000","356,116,000","265,376,000","309,674,000","352,705,197","356,351,176","595,278,425","482,891,033","424,452,844","297,110,000","159,021,000","384,377,000","238,084,000","63,100,000","116,700,000","261,200,000","85,500,000","31,300,000"
EBITDA,"218,772,000"
ReconciledCostOfRevenue,"824,218,000","899,742,000","1,372,583,000","1,433,531,000","1,303,917,000","998,954,000","1,410,995,000","1,854,496,000","1,581,796,000","1,550,826,000","1,131,022,000","886,748,000","692,243,000","597,383,439","516,093,952","688,207,130","640,352,367","1,469,648,429","1,272,148,000","1,190,991,000","1,233,723,000","869,479,000","345,500,000","449,000,000","619,400,000","314,900,000","111,800,000"
ReconciledDepreciation,"294,001,000","316,322,000","333,616,000","365,660,000","377,746,000","391,659,000","486,655,000","448,669,000","333,159,000","307,525,000","251,483,000","182,719,000","138,000,000","84,627,246","78,325,554","73,233,924","73,013,141","205,407,967","172,074,000","141,429,000","181,310,000","124,754,000","57,900,000","77,100,000","72,600,000","25,200,000","7,700,000"
NetIncomeFromContinuingOperationNetMinorityInterest,"-178,012,000","-120,138,000","6,618,000","-294,270,000","-132,036,000","-155,555,000","-363,436,000","33,152,000","191,150,000","52,360,000","193,477,000","62,091,000","161,703,000","302,729,480","342,819,545","572,511,650","220,847,773","249,587,234","191,131,000","91,265,000","188,044,000","131,560,000","20,600,000","53,400,000","117,500,000","42,400,000","17,600,000"
TotalUnusualItemsExcludingGoodwill,"35,769,000","33,142,000","65,650,000","-205,889,000","-21,364,000","-12,001,000","-286,496,000","-94,224,000","9,112,000","-56,441,000","27,428,000","12,712,000","122,846,000","2,041,039","-2,398,451","760,718","-156,915,920","1,624,670","5,920,000","-3,418,000","2,911,000","40,000","-900,000","14,700,000","-100,000","-100,000","-300,000"
TotalUnusualItems,"35,769,000","33,142,000","65,650,000","-205,889,000","-21,364,000","-12,001,000","-286,496,000","-94,224,000","9,112,000","-56,441,000","27,428,000","12,712,000","122,846,000","2,041,039","-2,398,451","760,718","-156,915,920","1,624,670","5,920,000","-3,418,000","2,911,000","40,000","-900,000","14,700,000","-100,000","-100,000","-300,000"
NormalizedEBITDA,"183,003,000","276,000,000","373,767,000","370,141,000","296,517,000","233,635,000","340,140,000","671,175,000","635,457,000","476,894,000","580,171,000","435,383,000","324,828,000","435,291,404","437,075,181","667,751,631","712,820,094","628,236,141","463,264,000","303,868,000","562,776,000","362,798,000","121,900,000","179,100,000","333,900,000","110,800,000","39,300,000"
TaxRateForCalcs,"0.4","0.265","0.265","0.091","0.265","0.265","0.358","0.25","0.137","0.25","0.196","0.28","0.004","0.111","0.018","0.026","0.247","0.344","0.275","0.261","0.395","0.372","0.4","0.4","0.4","0.4","0.4"
TaxEffectOfUnusualItems,"14,307,600","8,782,630","17,397,250","-18,658,762.203","-5,661,460","-3,180,265","-102,589,059.607","-23,556,000","1,249,877.926","-14,110,250","5,388,798.242","3,559,360","431,508.754","226,794.236","-42,694.815","19,605.855","-38,734,084.493","558,874.081","1,628,554.025","-893,631.651","1,151,183.879","14,870.47","-360,000","5,880,000","-40,000","-40,000","-120,000"