Unnamed: 0,CurrentRatio,DERatio,NetMargin,OperatingMargin,QuickRatio,ROA1,ROC1,ROE1,Unnamed: 17,asset,current_asset,current_liability,debt,entity.cik,entity.name,eps,equity,inventory,location,net_income,operating_income,period.end,period.fiscal-year,period.start,revenue
0.0,1.4140663694898465,0.36545686087233364,-0.5255641840829729,-0.4480898525042998,1.1409113422486379,-0.24838356096900133,-0.10701134278360037,-0.6420885068449539,,81197000.0,34260000.0,24228000.0,11479000.0,1441693.0,"Marrone Bio Innovations, Inc.",-0.14,31410000.0,6618000.0,CA,-20168000.0,-17195000.0,31/12/20,2020.0,1/1/20,38374000.0
1.0,1.0299264880246621,0.502886492911113,-1.2656180846355496,-0.9527457188574541,0.6434432060706663,-0.5112284610201191,-0.34830919867431276,-1.5780202054503778,,72717000.0,21716000.0,21085000.0,11847000.0,1441693.0,"Marrone Bio Innovations, Inc.",-0.32,23558000.0,8149000.0,CA,-37175000.0,-27985000.0,31/12/19,2019.0,1/1/19,29373000.0
2.0,2.662426009364785,0.91365182436611,-0.9525447690857681,-0.9191328934967012,1.935860058309038,-0.43406274829815106,-0.18025640475014496,-1.562538651824366,,46567000.0,30136000.0,11319000.0,11819000.0,1441693.0,MARRONE BIO INNOVATIONS INC,-0.2,12936000.0,8224000.0,CA,-20213000.0,-19504000.0,31/12/18,2018.0,1/1/18,21220000.0
3.0,0.8689210071811654,-0.48186610333458374,-1.7022623438102054,-1.265756591622172,0.422279792746114,-0.837780727656923,-0.1765773575705036,0.6105506307871513,,36913000.0,19118000.0,22002000.0,24407000.0,1441693.0,MARRONE BIO INNOVATIONS INC,-1.06,-50651000.0,9827000.0,CA,-30925000.0,-22995000.0,31/12/17,2017.0,1/1/17,18167000.0
4.0,1.7624106498786807,-0.6984826398091705,-2.2127189858994445,-1.6849451645064806,1.2061774542592958,-0.6757062392623361,-0.21721070830524325,1.029386429896634,,45983000.0,26875000.0,15249000.0,21083000.0,1441693.0,MARRONE BIO INNOVATIONS INC,-1.26,-30184000.0,8482000.0,CA,-31071000.0,-23660000.0,31/12/16,2016.0,1/1/16,14042000.0
5.0,2.794925675149817,-10.637487636003957,-4.461585552494643,-4.02581369248036,2.08950112849249,-0.6141486776871111,-0.3120602238732602,21.626112759643917,,71201000.0,35912000.0,12849000.0,21509000.0,1441693.0,MARRONE BIO INNOVATIONS INC,-1.79,-2022000.0,9064000.0,CA,-43728000.0,-39457000.0,31/12/15,2015.0,1/1/15,9801000.0
6.0,1.7538298826998269,0.29090307243236735,-5.654443957968477,-5.3122810858143605,1.348599448753285,-0.669314088777176,-0.5440646782928662,-1.5545424453070928,,77182000.0,54723000.0,31202000.0,9667000.0,1441693.0,MARRONE BIO INNOVATIONS INC,-2.32,33231000.0,12644000.0,CA,-51659000.0,-48533000.0,31/12/14,2014.0,1/1/14,9136000.0
7.0,3.8474565357372827,0.31462171094770824,-3.6990291262135924,-3.7555055647643854,3.028589826142949,-0.4468377241911954,-0.2712034097085157,-0.8004406753606108,,69918000.0,59751000.0,15530000.0,12280000.0,1441693.0,MARRONE BIO INNOVATIONS INC,-3.74,39031000.0,12717000.0,CA,-31242000.0,-31719000.0,31/12/13,2013.0,1/1/13,8446000.0
8.0,0.7054426835846197,-0.10459681872668256,-5.433333333333334,-3.338655462184874,0.5803046258957697,-1.1484990230327432,-0.9185860619338031,0.522499225557935,,33778000.0,27465000.0,38933000.0,7766000.0,1441693.0,MARRONE BIO INNOVATIONS INC,-32.48,-74247000.0,4872000.0,CA,-38794000.0,-23838000.0,31/12/12,2012.0,1/1/12,7140000.0
9.0,,,-2.509998095600838,-2.4993334602932773,,,,0.3865102639296188,,,,,,1441693.0,MARRONE BIO INNOVATIONS INC,-10.64,-34100000.0,,CA,-13180000.0,-13124000.0,31/12/11,2011.0,1/1/11,5251000.0
10.0,,,,,,,,,,,,,,1441693.0,MARRONE BIO INNOVATIONS INC,,-21204000.0,,CA,,,31/12/10,2010.0,1/1/10,
0.0,1.602045029286414,0.0,-0.16551224427908814,-0.029578300349640554,1.5998346835973563,-0.27567432394978686,-0.27567432394978686,-0.6850902110499967,,24069329.0,22835356.0,14253879.0,0.0,1159275.0,KIWA BIO-TECH PRODUCTS GROUP CORP,-0.29,9685288.0,31506.0,CA,-6635296.0,-1185778.0,31/12/19,2019.0,1/1/19,40089457.0
1.0,1.601761386473309,0.0,0.011217503770423631,0.08448000127371902,1.5187150282281185,0.010575514620540308,0.010575514620540308,0.02701611768941597,,32511042.0,31690093.0,19784528.0,0.0,1159275.0,KIWA BIO-TECH PRODUCTS GROUP CORP,0.02,12726514.0,1643033.0,CA,343821.0,2589346.0,31/12/18,2018.0,1/1/18,30650402.0
2.0,2.1494357069212295,0.0,0.307412552897154,0.10400253756947932,1.839981860941624,0.26539094585611517,0.26539094585611517,0.4975277005032877,,20004586.0,19073381.0,8873669.0,0.0,1159275.0,KIWA BIO-TECH PRODUCTS GROUP CORP,0.51,10670835.0,2745991.0,CA,5309036.0,1796131.0,31/12/17,2017.0,1/1/17,17270069.0
3.0,0.43302350789163213,-0.0,0.0926137174486996,0.09071119847158211,0.43302350789163213,0.1464308076102015,0.1464308076102015,-0.20994794597238678,,6084990.0,4472718.0,10329042.0,0.0,1159275.0,KIWA BIO-TECH PRODUCTS GROUP CORP,0.17,-4244052.0,0.0,CA,891030.0,872726.0,31/12/16,2016.0,1/1/16,9620929.0
4.0,0.0045667135571223925,-0.0,,,0.0045667135571223925,-10.725496405611679,-10.725496405611679,0.06102074743969931,,63154.0,50981.0,11163608.0,0.0,1159275.0,KIWA BIO-TECH PRODUCTS GROUP CORP,-0.34,-11100454.0,0.0,CA,-677358.0,-243341.0,31/12/15,2015.0,1/1/15,
5.0,0.0017241896518622808,-0.0,,,0.0017241896518622808,-28.744911639244364,-28.744911639244364,0.0597236755708815,,24615.0,17243.0,10000640.0,0.0,1159275.0,KIWA BIO-TECH PRODUCTS GROUP CORP,-0.35,-11847161.0,0.0,CA,-707556.0,-527558.0,31/12/14,2014.0,1/1/14,
6.0,0.001959370270485554,-0.0,,,0.001959370270485554,130.3797086185712,130.3797086185712,-0.32992012695542916,,28485.0,16530.0,8436384.0,0.0,1159275.0,KIWA BIO-TECH PRODUCTS GROUP CORP,0.01,-11256864.0,0.0,CA,3713866.0,-556852.0,31/12/13,2013.0,1/1/13,
7.0,0.00217297319905296,-0.0,,,0.00217297319905296,-31.92769823526614,-31.92769823526614,0.09723342585885367,,42046.0,26081.0,12002449.0,0.0,1159275.0,KIWA BIO-TECH PRODUCTS GROUP CORP,-0.003,-13806281.0,0.0,CA,-1342432.0,-595559.0,31/12/12,2012.0,1/1/12,
8.0,0.004028592557378912,-0.0,,,0.004028592557378912,-26.84675947237258,-26.84675947237258,0.13699951350450262,,62999.0,42677.0,10593526.0,0.0,1159275.0,KIWA BIO-TECH PRODUCTS GROUP CORP,-0.005,-12345438.0,0.0,CA,-1691319.0,-1422789.0,31/12/11,2011.0,1/1/11,
9.0,0.012091563869784001,-0.0,-25.84472381211956,-23.14189833742164,0.012091563869784001,-17.248097677802704,-17.248097677802704,0.21939973603964996,,131944.0,106022.0,8768262.0,0.0,1159275.0,KIWA BIO-TECH PRODUCTS GROUP CORP,-0.006,-10372770.0,0.0,CA,-2275783.0,-2037783.0,31/12/10,2010.0,1/1/10,88056.0
10.0,0.02593916590951888,-0.0,-98.73135380758383,-54.14472996970647,0.02593916590951888,-8.885856650958363,-8.885856650958363,0.47660391530097324,,425465.0,169982.0,6553102.0,0.0,1159275.0,KIWA BIO-TECH PRODUCTS GROUP CORP,-0.01,-7932417.0,0.0,CA,-3780621.0,-2073310.0,31/12/09,2009.0,1/1/09,38292.0
11.0,0.4943237369964009,-0.0,-16.237656973848345,-8.107983021038573,0.4498519021378429,-0.6919670815039332,-0.6919670815039332,0.8383697513147956,,5323694.0,3910254.0,7910310.0,0.0,1159275.0,KIWA BIO-TECH PRODUCTS GROUP CORP,0.037000000000000005,-4394029.0,351786.0,CA,-3683821.0,-1839450.0,31/12/08,2008.0,1/1/08,226869.0
12.0,0.5211259020101189,-0.0,,,0.23444135454086204,,,,,3675180.0,1487532.0,2854458.0,0.0,1159275.0,KIWA BIO-TECH PRODUCTS GROUP CORP,-0.038,-2084771.0,818329.0,CA,,,31/12/07,2007.0,1/1/07,
0.0,1.2800925925925926,2.0870625358577164,0.09376512731145319,0.14164004259850904,0.625736531986532,0.11459843218458808,0.5450377163141548,0.5556511761331039,,3380500000.0,1216600000.0,950400000.0,1455100000.0,825542.0,Scotts Miracle-Gro Co,6.96,697200000.0,621900000.0,OH,387400000.0,585200000.0,30/9/20,2020.0,1/10/19,4131600000.0
1.0,1.6788074133763093,2.1197996382357034,0.14597591888466413,0.12978453738910012,0.808058017727639,0.15211146696602504,0.6551325651269522,0.6410185056351746,,3028700000.0,1041700000.0,620500000.0,1523500000.0,825542.0,Scotts Miracle-Gro Co,8.3,718700000.0,540300000.0,OH,460700000.0,409600000.0,30/9/19,2019.0,1/10/18,3156000000.0
2.0,1.4455687938632282,5.312464749012972,0.023916798077645116,0.07467898175264699,0.6598661661498286,0.02085447700114585,0.6375838926174496,0.179639029892837,,3054500000.0,885700000.0,612700000.0,1883800000.0,825542.0,Scotts Miracle-Gro Co,1.13,354600000.0,481400000.0,OH,63700000.0,198900000.0,30/9/18,2018.0,1/10/17,2663400000.0
3.0,1.6192837465564738,1.9389642416769421,0.08262367056508081,0.16403618333901063,0.87089072543618,0.07946851110302147,0.5374226428831452,0.3364673242909988,,2747000000.0,881700000.0,544500000.0,1258000000.0,825542.0,Scotts Miracle-Gro Co,3.68,648800000.0,407500000.0,OH,218300000.0,433400000.0,30/9/17,2017.0,1/10/16,2642100000.0
4.0,1.460755197284684,1.4414149888143177,0.12580799616949964,0.17859707924347618,0.902559751096026,0.11441323753537992,0.4884969881704042,0.4408557046979866,,2755800000.0,1032900000.0,707100000.0,1030900000.0,825542.0,SCOTTS MIRACLE-GRO CO,5.16,715200000.0,394700000.0,OH,315300000.0,447600000.0,30/9/16,2016.0,1/10/15,2506200000.0
5.0,1.8092466860653087,1.6513613661994522,0.06739488001349585,0.10703892708025811,1.1694148076301325,0.06323203545425768,0.4688192465970244,0.2574512647011439,,2527200000.0,1119200000.0,618600000.0,1025000000.0,825542.0,SCOTTS MIRACLE-GRO CO,2.62,620700000.0,395800000.0,OH,159800000.0,253800000.0,30/9/15,2015.0,1/10/14,2371100000.0
6.0,1.7165412153478978,1.2504966588405273,0.07605170602475678,0.12958479879413512,1.009546539379475,0.08089199825098382,0.41728610989651654,0.3007043525374752,,2058300000.0,935000000.0,544700000.0,692400000.0,825542.0,SCOTTS MIRACLE-GRO CO,2.7,553700000.0,385100000.0,OH,166500000.0,283700000.0,30/9/14,2014.0,1/10/13,2189300000.0
7.0,1.728128677912907,0.6729064039408867,0.07436986427845997,0.14333856522943403,1.0908199293840721,0.08316126367953748,0.32996076811893454,0.22674173117522872,,1937200000.0,881000000.0,509800000.0,478100000.0,825542.0,SCOTTS MIRACLE-GRO CO,2.61,710500000.0,324900000.0,OH,161100000.0,310500000.0,30/9/13,2013.0,1/10/12,2166200000.0
8.0,2.3062730627306274,1.2977238743977404,,,1.34940036900369,0.05134014654839954,0.4278827612803702,0.17693969097856788,,2074400000.0,1000000000.0,433600000.0,781100000.0,825542.0,SCOTTS MIRACLE-GRO CO,1.75,601900000.0,414900000.0,OH,106500000.0,241200000.0,30/9/12,2012.0,1/10/11,
16.0,2.118011096884336,1.4144337263308324,,,1.2921468203158344,0.08181463794951759,0.4676444790956047,0.29992854590925333,,2052200000.0,992500000.0,468600000.0,791800000.0,825542.0,SCOTTS MIRACLE-GRO CO,2.6,559800000.0,387000000.0,OH,167900000.0,274800000.0,30/9/11,2011.0,1/10/10,
17.0,1.5175081433224755,0.5712230215827339,,,1.0385450597176982,0.09431608133086876,0.29611829944547136,0.26697187704381947,,2164000000.0,1118100000.0,736800000.0,436700000.0,825542.0,SCOTTS MIRACLE-GRO CO,3.08,764500000.0,352900000.0,OH,204100000.0,374400000.0,30/9/10,2010.0,1/10/09,
18.0,1.4414640591966172,,,,0.8350951374207188,0.06905094365118689,,0.2622754491017964,,2220100000.0,1090900000.0,756800000.0,,825542.0,SCOTTS MIRACLE-GRO CO,2.36,584500000.0,458900000.0,OH,153300000.0,260500000.0,30/9/09,2009.0,1/10/08,
19.0,,,,,,,,-0.024959926723150904,,,,,,825542.0,SCOTTS MIRACLE-GRO CO,-0.17,436700000.0,,OH,-10900000.0,139800000.0,30/9/08,2008.0,1/10/07,
20.0,,,,,,,,,,,,,,,,,479300000.0,,OH,,,30/9/07,2007.0,1/10/06,
0.0,1.2780374490976292,0.027574003328099,-0.012861405494392427,0.030359524661332054,0.8850476342741064,-0.03171377762881031,-0.015283131296203192,-0.053222240451246475,,429624000.0,135895000.0,106331000.0,7059000.0,1133470.0,"CALAVO GROWERS, INC",-0.78,256002000.0,41787000.0,CA,-13625000.0,32162000.0,31/10/20,2020.0,1/11/19,1059371000.0
1.0,1.4069999668980129,0.021597305059310384,0.030646182356743774,0.059414088078295534,0.9999668980127774,0.09387744645967824,0.10969361614919561,0.12819158425712476,,390360000.0,127515000.0,90629000.0,6174000.0,1133470.0,"CALAVO GROWERS, INC",2.09,285869000.0,36889000.0,CA,36646000.0,71046000.0,31/10/19,2019.0,1/11/18,1195777000.0
2.0,1.2988286184975188,0.0016304409361448376,0.02964938030306092,0.05192613969311821,0.9446448965566033,0.0877830835164357,0.08895783931951183,0.12183394411965624,,367736000.0,128510000.0,98943000.0,432000.0,1133470.0,"CALAVO GROWERS, INC",1.85,264959000.0,35044000.0,CA,32281000.0,56535000.0,31/10/18,2018.0,1/11/17,1088758000.0
3.0,1.0315149741320684,0.0023267054997091617,0.03465155522911214,0.05382566372092807,0.765880155293672,0.10235720935853036,0.1039171475102783,0.15266956685591632,,364117000.0,119828000.0,116167000.0,568000.0,1133470.0,"CALAVO GROWERS, INC",2.14,244122000.0,30858000.0,CA,37270000.0,57893000.0,31/10/17,2017.0,1/11/16,1075565000.0
4.0,1.2342396722181066,0.0027107579427997526,0.04063573084359059,0.06529375993262647,0.9429582681702198,0.11594441547511229,0.11772221764811715,0.1767897744444806,,327933000.0,134953000.0,109341000.0,583000.0,1133470.0,CALAVO GROWERS INC,2.19,215069000.0,31849000.0,CA,38022000.0,61094000.0,31/10/16,2016.0,1/11/15,935679000.0
5.0,1.1937910032904822,0.01501220548225097,0.03174397542552496,0.050966126065563055,0.9245130699585113,0.09545350857182965,0.10525189071575217,0.14624533557010894,,284945000.0,116822000.0,97858000.0,2792000.0,1133470.0,CALAVO GROWERS INC,1.57,185982000.0,26351000.0,CA,27199000.0,43669000.0,31/10/15,2015.0,1/11/14,856824000.0
6.0,1.2182936126815649,0.043978462258787335,0.00012396007718751197,-0.021033597014734635,0.9116013346931097,0.00034219512883470213,0.02817641746394604,0.0005406731101523917,,283464000.0,123044000.0,100997000.0,7890000.0,1133470.0,CALAVO GROWERS INC,0.01,179406000.0,30975000.0,CA,97000.0,-16459000.0,31/10/14,2014.0,1/11/13,782510000.0
7.0,0.97121665398028,0.10957822877918938,-0.0025959901713932007,-0.00998480007983212,0.7174328654121895,-0.007481068104809973,0.046907755721245815,-0.015072254456601144,,239939000.0,109730000.0,112982000.0,13050000.0,1133470.0,CALAVO GROWERS INC,-0.12,119093000.0,28673000.0,CA,-1795000.0,-6904000.0,31/10/13,2013.0,1/11/12,691451000.0
8.0,1.1308259267288099,0.17966491106805946,0.028672573436952817,0.046049945656019844,0.8199111207457186,0.07601098652659326,0.16478346825980922,0.1538371674179071,,207891000.0,83464000.0,73808000.0,18455000.0,1133470.0,CALAVO GROWERS INC,1.07,102719000.0,22948000.0,CA,15802000.0,25379000.0,31/10/12,2012.0,1/11/11,551119000.0
9.0,1.137550728097398,0.26432524098536236,0.021181599490171836,0.03508322026145917,0.8544760085939365,0.05972275432623042,0.18756441456268244,0.12348268475544448,,185323000.0,71478000.0,62835000.0,23692000.0,1133470.0,CALAVO GROWERS INC,0.75,89632000.0,17787000.0,CA,11068000.0,18332000.0,31/10/11,2011.0,1/11/10,522529000.0
10.0,1.3148412073769968,0.0845032122097964,0.04459383809755718,0.07119851588172241,0.9993618514815682,0.11827054954127218,0.16792500565919652,0.20127581948174084,,150198000.0,61812000.0,47011000.0,7458000.0,1133470.0,CALAVO GROWERS INC,1.22,88257000.0,14831000.0,CA,17764000.0,28362000.0,31/10/10,2010.0,1/11/09,398351000.0
11.0,1.3413248525374433,0.2198108998805532,0.03947906545037924,0.06306324597914521,1.0224523634782137,0.11046455005843397,0.23442572393195688,0.19587836573747608,,123216000.0,49346000.0,36789000.0,15274000.0,1133470.0,CALAVO GROWERS INC,0.94,69487000.0,11731000.0,CA,13611000.0,21742000.0,31/10/09,2009.0,1/11/08,344765000.0
12.0,1.3891975152770062,0.4077262389914068,0.021370831650409157,0.033936050725640016,1.013231654966921,0.05735562716243708,0.2556910146563117,0.11790832913594945,,134686000.0,55015000.0,39602000.0,26713000.0,1133470.0,CALAVO GROWERS INC,0.54,65517000.0,14889000.0,CA,7725000.0,12267000.0,31/10/08,2008.0,1/11/07,361474000.0
13.0,1.5399490925919805,0.19476237449833114,0.02419269664404721,0.03964895836083754,1.263627648672771,0.05725757315377525,0.16984330328547548,0.09905003851195222,,128018000.0,46585000.0,30251000.0,14413000.0,1133470.0,CALAVO GROWERS INC,0.51,74003000.0,8359000.0,CA,7330000.0,12013000.0,31/10/07,2007.0,1/11/06,302984000.0
14.0,1.3553880266075389,0.19873437049352766,0.02114546457550151,0.034038060374904554,1.0429268292682927,0.05381032511179495,0.16271394438608072,0.0981965627809918,,107563000.0,45846000.0,33825000.0,11714000.0,1133470.0,CALAVO GROWERS INC,0.4,58943000.0,10569000.0,CA,5788000.0,9317000.0,31/10/06,2006.0,1/11/05,273723000.0
15.0,1.7520061464913779,0.20127884348067834,0.012835075843629985,0.012155071825424423,1.3210688065562575,0.030622591766375988,0.1507531203333272,0.05130818892286782,,108482000.0,41046000.0,23428000.0,13032000.0,1133470.0,CALAVO GROWERS INC,0.24,64746000.0,10096000.0,CA,3322000.0,3146000.0,31/10/05,2005.0,1/11/04,258822000.0
16.0,1.9010935493868155,0.0012745521997405377,0.022646215784521802,0.03391097593885157,1.3974852791428698,0.09213923261817858,0.09297011780765008,0.14133873500694175,,67398000.0,42940000.0,22587000.0,56000.0,1133470.0,CALAVO GROWERS INC,0.46,43937000.0,11375000.0,CA,6210000.0,9299000.0,31/10/04,2004.0,1/11/03,274218000.0
17.0,2.290774402390438,0.0022882063154494306,0.029015930394187088,0.042916019954530905,1.7914591633466135,0.1333606511575928,0.13494384324535752,0.19274773198374026,,53689000.0,36799000.0,16064000.0,85000.0,1133470.0,CALAVO GROWERS INC,0.55,37147000.0,8021000.0,CA,7160000.0,10590000.0,31/10/03,2003.0,1/11/02,246761000.0
18.0,1.9159961685823754,0.11133656237727452,0.028495370274981353,0.04921065969975811,1.3192049808429118,0.1254262497279257,0.1871326997025321,0.22630579918837543,,55132000.0,40006000.0,20880000.0,3402000.0,1133470.0,CALAVO GROWERS INC,0.6,30556000.0,12461000.0,CA,6915000.0,11942000.0,31/10/02,2002.0,1/11/01,242671000.0
0.0,1.7187613310990846,0.07349732903804591,-0.5404108512027456,-0.5827282858012094,0.9928660137146044,-0.12840052297073204,-0.09033976244588514,-0.24794815855758645,,4924941.0,4081283.0,2374549.0,187447.0,1756180.0,"NOCERA, INC.",-0.0538,2550392.0,1723674.0,GA,-632365.0,-681883.0,31/12/20,2020.0,1/1/20,1170156.0
1.0,0.9637488947833776,0.0,-2.750847086634855,-3.02164558070306,0.8530697295415546,-0.37412363519885306,-0.37412363519885306,-1.7137348109542492,,3359189.0,2502640.0,2596776.0,0.0,1756180.0,"NOCERA, INC.",-0.1017,733341.0,287409.0,GA,-1256752.0,-1380469.0,31/12/19,2019.0,1/1/19,456860.0
2.0,1.8934238884656283,0.0,0.37220608927715076,0.5198186581249787,1.8647231988903783,0.4223531971991013,0.4223531971991013,0.9665590403415265,,4241353.0,4182651.0,2209041.0,0.0,1756180.0,"NOCERA, INC.",0.179,1853326.0,63401.0,GA,1791349.0,2501777.0,31/12/18,2018.0,1/1/18,4812788.0
0.0,1.119084697282695,0.42517794894274324,0.07672460462812583,0.047559809714687214,0.5663435563324328,0.033658753499277404,0.23951227399973724,0.06952011188344083,,19789800000.0,3521200000.0,3146500000.0,4073800000.0,1285785.0,MOSAIC CO,1.76,9581400000.0,1739200000.0,FL,666100000.0,412900000.0,31/12/20,2020.0,1/1/20,8681700000.0
1.0,1.434656788980206,0.49267867835175005,-0.11984774822316786,-0.12293545018694632,0.6334838137130069,-0.05530999818638754,0.17919009249423531,-0.1162048881389146,,19298500000.0,3718200000.0,2591700000.0,4525500000.0,1285785.0,Mosaic Co,-2.78,9185500000.0,2076400000.0,FL,-1067400000.0,-1094900000.0,31/12/19,2019.0,1/1/19,8906300000.0
2.0,1.705922615452752,0.4319871505102286,0.049023186924368696,0.0968260094082797,0.7918830776663849,0.02336076981192095,0.24660523281243787,0.045204043357410094,,20119200000.0,4237000000.0,2483700000.0,4491500000.0,1285785.0,Mosaic Co,1.22,10397300000.0,2270200000.0,FL,470000000.0,928300000.0,31/12/18,2018.0,1/1/18,9587300000.0
3.0,2.272906306927281,0.5072108136210034,-0.014468108078926768,0.06285259265257645,1.5176997685982965,-0.005753110006762051,0.25604022883639055,-0.011146347803483234,,18633400000.0,4616500000.0,2031100000.0,4878100000.0,1285785.0,Mosaic Co,-0.31,9617500000.0,1533900000.0,FL,-107200000.0,465700000.0,31/12/17,2017.0,1/1/17,7409400000.0
4.0,2.0704902491874324,0.394309621684786,0.04157592003127269,0.044535656447199416,1.1285211267605635,0.01768335045455355,0.24209801255292238,0.031070675875884232,,16840700000.0,3057700000.0,1476800000.0,3779300000.0,1285785.0,MOSAIC CO,0.85,9584600000.0,1391100000.0,FL,297800000.0,319000000.0,31/12/16,2016.0,1/1/16,7162800000.0
5.0,2.024132877381534,0.39546570427411404,0.11246388542263892,0.1437613121536092,1.260332193453835,0.05752896863049541,0.27429770838724515,0.10495394364128496,,17389500000.0,4143400000.0,2047000000.0,3769500000.0,1285785.0,MOSAIC CO,2.79,9531800000.0,1563500000.0,FL,1000400000.0,1278800000.0,31/12/15,2015.0,1/1/15,8895300000.0
6.0,3.266424500532348,0.35298184638095503,0.11358466397226087,0.14485743943108284,2.1902674265672952,0.056259913580922166,0.2628999617130668,0.09610299819678411,,18283000000.0,5215500000.0,1596700000.0,3778000000.0,1285785.0,MOSAIC CO,2.69,10703100000.0,1718300000.0,FL,1028600000.0,1311800000.0,31/12/14,2014.0,1/1/14,9055800000.0
7.0,2.481949845371873,0.2662201498809977,0.06957762437315093,0.08747560796491743,2.043204017269359,0.016958167126930553,0.17083461184412396,0.029339161055714325,,19554000000.0,8105800000.0,3265900000.0,3008900000.0,1285785.0,MOSAIC CO,0.8,11302300000.0,1432900000.0,FL,331600000.0,416900000.0,31/12/13,2013.0,1/6/13,4765900000.0
8.0,3.898521162672106,0.07520073889790993,0.18783649652600234,0.2215337724706991,3.0161482236953936,0.1035884109255778,0.15941059382948136,0.1395489147436948,,18086000000.0,6880500000.0,1764900000.0,1009600000.0,1285785.0,MOSAIC CO,4.44,13425400000.0,1557300000.0,FL,1873500000.0,2209600000.0,31/5/13,2013.0,1/6/12,9974100000.0
9.0,3.4317672211503365,0.08417087521042718,0.1726264426799186,0.23506905057707198,2.7864108046096887,0.11488640176388823,0.17540023007237693,0.15979965664949913,,16690400000.0,6581100000.0,1917700000.0,1010000000.0,1285785.0,MOSAIC CO,4.44,11999400000.0,1237600000.0,FL,1917500000.0,2611100000.0,31/5/12,2012.0,1/6/11,11107800000.0
10.0,3.466372828623282,0.0653947910940077,0.253426311658516,0.26808750427660044,2.8096966554316825,0.15953100355357924,0.20775453065516347,0.2163362424409016,,15786900000.0,6684900000.0,1928500000.0,761300000.0,1285785.0,MOSAIC CO,5.62,11641600000.0,1266400000.0,FL,2518500000.0,2664200000.0,31/5/11,2011.0,1/6/10,9937800000.0
11.0,3.815323260986272,,0.12236836265183235,0.18801319702327232,3.046629342741008,0.06508652234472014,,0.09482699318979157,,12707700000.0,4974800000.0,1303900000.0,,1285785.0,MOSAIC CO,1.86,8722200000.0,1002300000.0,FL,827100000.0,1270800000.0,31/5/10,2010.0,1/6/09,6759100000.0
12.0,,,,,,,,,,,,,,,,5.29,,,FL,2350200000.0,2400900000.0,31/5/09,2009.0,1/6/08,
0.0,5.019955654101995,0.07592425608656447,-0.579412496888225,-1.590490415733134,4.41621792841305,-0.09831460674157304,-0.05385655149108727,-0.1678990081154193,AZ,47348000.0,31696000.0,6314000.0,2105000.0,1469443.0,"Arcadia Biosciences,Â Inc.",-1.0,27725000.0,3812000.0,CA,-4655000.0,-12778000.0,31/12/20,2020.0,1/1/20,8034000.0
1.0,4.982480728801682,0.013887086307592472,-24.64071856287425,-16.57912745936698,4.668185003503854,-0.884294222385952,-0.8810093939952109,-3.7384815055158986,AZ,32574000.0,28440000.0,5708000.0,107000.0,1469443.0,"Arcadia Biosciences, Inc.",1.0,7705000.0,1794000.0,CA,-28805000.0,-19381000.0,31/12/19,2019.0,1/1/19,1169000.0
2.0,7.490504256712508,0.0,-9.207650273224044,-11.523224043715848,7.431237721021611,-0.5611055611055611,-0.5611055611055611,-1.0518923136948888,AZ,24024000.0,22876000.0,3054000.0,0.0,1469443.0,"Arcadia Biosciences, Inc.",-3.58,12815000.0,181000.0,CA,-13480000.0,-16870000.0,31/12/18,2018.0,1/1/18,1464000.0
3.0,4.268652482269504,0.0,-3.901390958768008,-3.5556383507203178,4.203687943262412,-0.947917923958962,-0.947917923958962,-1.9616585487698264,AZ,16570000.0,15047000.0,3525000.0,0.0,1469443.0,"Arcadia Biosciences, Inc.",18.0,8007000.0,229000.0,CA,-15707000.0,-14315000.0,31/12/17,2017.0,1/1/17,4026000.0
4.0,16.689677213167148,1.1319488242183982,-6.155583437892095,-5.840652446675032,16.60914030041547,-0.3468731219288012,0.0972708311238378,-0.8840436075322101,AZ,56574000.0,52222000.0,3129000.0,25127000.0,1469443.0,"ARCADIA BIOSCIENCES, INC.",96.0,22198000.0,252000.0,CA,-19624000.0,-18620000.0,31/12/16,2016.0,1/1/16,3188000.0
5.0,15.077391304347826,0.619763828464885,-3.3165866272626525,-2.874584410786849,14.992173913043478,-0.24185770857466124,0.09393604698149295,-0.44638906152889996,AZ,74242000.0,52017000.0,3450000.0,24930000.0,1469443.0,"ARCADIA BIOSCIENCES, INC.",-115.0,40225000.0,294000.0,CA,-17956000.0,-15563000.0,31/12/15,2015.0,1/1/15,5414000.0
6.0,1.658975951725974,-0.104629214543567,-2.626611286164423,-2.1702950443998854,1.621350607862277,-0.7368315320020893,-0.38048937281529993,0.21634853596961046,AZ,24889000.0,18695000.0,11269000.0,8869000.0,1469443.0,"ARCADIA BIOSCIENCES, INC.",,-84766000.0,424000.0,CA,-18339000.0,-15153000.0,31/12/14,2014.0,1/1/14,6982000.0
7.0,,,,,,,,,AZ,,,,,1469443.0,"ARCADIA BIOSCIENCES, INC.",,-17297000.0,,CA,,,31/12/13,2013.0,1/1/13,
0.0,0.6238968550003227,-0.0,-0.20656093674244844,-0.27748984293665974,0.5684892954218964,-0.3653893219281876,-0.3653893219281876,1.3186763420204575,,4813266.0,3683293.0,5903689.0,0.0,1482541.0,"SURNA
INC.",-0.01,-1333698.0,327109.0,CO,-1758716.0,-2362624.0,31/12/20,2020.0,1/1/20,8514272.0
1.0,0.6405187634104743,-0.0,-0.08792210216537158,-0.0860844664774185,0.3326110224720787,-0.33072913964259787,-0.33072913964259787,3.7639182186029903,,4047318.0,2561268.0,3998740.0,0.0,1482541.0,"SURNA
INC.",-0.01,-355631.0,1231243.0,CO,-1338566.0,-1310589.0,31/12/19,2019.0,1/1/19,15224454.0
2.0,0.5970600476379361,0.0,-0.4950700106700419,-0.503079743117489,0.23132028207598232,-1.7229801022148241,-1.7229801022148241,-24.410016672155443,,2753221.0,1527808.0,2558885.0,0.0,1482541.0,Surna Inc.,-0.02,194336.0,935886.0,CO,-4743745.0,-4820494.0,31/12/18,2018.0,1/1/18,9581968.0
3.0,1.0907567974848638,0.0,-0.6821823292730437,-0.5882826940181334,0.9369965527498124,-1.0186124030638521,-1.0186124030638521,-3.482299293585919,,4828823.0,3707418.0,3398941.0,0.0,1482541.0,Surna Inc.,-0.03,1412486.0,522622.0,CO,-4918699.0,-4241660.0,31/12/17,2017.0,1/1/17,7210241.0
4.0,0.32175708106467343,-0.0,-0.4317509432558346,-0.07030694354238329,0.1443972795052266,-1.5452736562721778,-1.5452736562721778,1.5502343863983887,,2117821.0,1356811.0,4216880.0,0.0,1482541.0,Surna Inc.,-0.02,-2111044.0,747905.0,CO,-3272613.0,-532917.0,31/12/16,2016.0,1/1/16,7579863.0
5.0,0.43153632873207853,-0.0,-0.673344993918179,-0.3958991476804976,0.1940417141369678,-1.7068888277241943,-1.7068888277241943,1.8600174130060896,,3102734.0,2292740.0,5312971.0,0.0,1482541.0,Surna Inc.,-0.04,-2847297.0,1261802.0,CO,-5296022.0,-3113843.0,31/12/15,2015.0,1/1/15,7865243.0
6.0,0.6589563733426683,-0.0,-1.6270321798976786,-1.7360613232172066,0.5434218702139763,-1.2889240130065498,-1.2889240130065498,3.385530103467941,,2321292.0,1505913.0,2285300.0,0.0,1482541.0,Surna Inc.,-0.03,-883752.0,264031.0,CO,-2991969.0,-3192464.0,31/12/14,2014.0,1/1/14,1838912.0
7.0,0.001668959324936425,-0.0,-3863.12,-3863.12,0.001668959324936425,-43.80948060784758,-43.80948060784758,0.07323847321390316,,4409.0,4409.0,2641766.0,0.0,1482541.0,Surna Inc.,0.0,-2637357.0,0.0,CO,-193156.0,-193156.0,31/12/13,2013.0,1/1/13,50.0
8.0,0.0005893205504669358,-0.0,-2475.3709677419356,-2512.8129032258066,0.0005893205504669358,-42.36075075903947,-42.36075075903947,0.31484805652260434,,18115.0,1447.0,2455370.0,0.0,1482541.0,Surna Inc.,-0.01,-2437255.0,0.0,CO,-767365.0,-778972.0,31/12/12,2012.0,1/1/12,310.0
9.0,0.0053352588168106875,-0.0,-256.92537313432837,-251.27164179104477,0.0053352588168106875,-2.200265862262897,-2.200265862262897,0.051542317158615236,,39118.0,9118.0,1709008.0,0.0,1482541.0,Surna Inc.,0.0,-1669890.0,0.0,CO,-86070.0,-84176.0,31/12/11,2011.0,1/12/11,335.0
10.0,0.005412245668568439,-0.0,-1699.2238805970148,-1688.5628997867805,0.005412245668568439,-39.963693804377804,-39.963693804377804,1.008214381049614,,39883.0,8772.0,1620769.0,0.0,1482541.0,Surna Inc.,-0.02,-1580886.0,0.0,CO,-1593872.0,-1583872.0,30/11/11,2011.0,1/12/10,938.0
,,,,,,,,,,,,,,,,,,,,,,,,,
0.0,0.9491001994278444,0.1974360594590877,0.05364357662368109,0.09406505208588337,0.9477122804417246,0.0250635699263715,0.17870620224641742,0.032207548175380074,,58446662.0,9989384.0,10525110.0,8979899.0,1548240.0,"YEW
BIO-PHARM GROUP, INC.",0.04,45482568.0,14608.0,CA,1464882.0,2568699.0,31/12/20,2020.0,1/1/20,27307687.0
1.0,1.1135405046774696,0.20634826149248092,0.03534350902207957,0.036276421353604045,0.8619126544129797,0.018180514418535992,0.17575355098520354,0.02380811860356994,,54206717.0,11671361.0,10481308.0,8541517.0,1548240.0,"Yew Bio-Pharm Group, Inc.",0.02,41393695.0,2637389.0,CA,985506.0,1011519.0,31/12/19,2019.0,1/1/19,27883649.0
2.0,1.754340135191317,0.14015410066420217,-0.035174163898755384,0.01911317681102894,0.8756993777393121,-0.02661271922161578,0.08927131345273509,-0.03218633009791725,,49692066.0,12389136.0,7061992.0,5758517.0,1548240.0,"Yew Bio-Pharm Group, Inc.",-0.03,41087039.0,6204954.0,CA,-1322441.0,718597.0,31/12/18,2018.0,1/1/18,37596942.0
3.0,4.789285739387029,0.1350370754040884,0.07925650146806747,0.08200985256670686,4.440680032460248,0.06070334844477419,0.1759473509352288,0.07112910402340962,,52930095.0,35433952.0,7398588.0,6099876.0,1548240.0,"Yew Bio-Pharm Group, Inc.",0.06,45171861.0,2579190.0,CA,3213034.0,3324654.0,31/12/17,2017.0,1/1/17,40539690.0
4.0,4.506863727688767,0.044687380682284054,0.03908404991641168,0.041313286054189914,3.1336258041112615,0.043443655400063654,0.08076057844981112,0.05202420265209267,,46195261.0,33793298.0,7498185.0,1723865.0,1548240.0,"Yew Bio-Pharm Group, Inc.",0.04,38576103.0,10296792.0,CA,2006891.0,2121358.0,31/12/16,2016.0,1/1/16,51348082.0
5.0,3.6343896762928387,0.07866533830773526,0.17869149620502034,0.17380034387184767,2.6291436203689518,0.12062147293062524,0.19095331420723363,0.13491370058046262,,43811337.0,16867933.0,4641201.0,3081332.0,1548240.0,"Yew Bio-Pharm Group, Inc.",0.1,39170136.0,4665549.0,CA,5284588.0,5139938.0,31/12/15,2015.0,1/1/15,29573808.0
6.0,22.922920126292684,0.0,0.5544728997682803,0.5547023675169959,12.63792058955591,0.1222586681067709,0.1222586681067709,0.12275016396813224,,35041908.0,3216292.0,140309.0,0.0,1548240.0,"Yew Bio-Pharm Group, Inc.",0.08,34901599.0,1443078.0,CA,4284177.0,4285950.0,31/12/14,2014.0,1/1/14,7726576.0
7.0,0.6167226470721241,0.0,0.5241820580758659,0.5239141690574608,0.3987998596121084,0.11043042871380873,0.11043042871380873,0.12863465051800801,,35313908.0,3082122.0,4997582.0,0.0,1548240.0,"Yew Bio-Pharm Group, Inc.",0.08,30316326.0,1089087.0,CA,3899730.0,3897737.0,31/12/13,2013.0,1/1/13,7439648.0
8.0,9.641974724659619,0.0,0.3279463588684336,0.327684003802885,5.7346483448042065,0.07867587341136137,0.07867587341136137,0.07939411127483414,,28042485.0,2446034.0,253686.0,0.0,1548240.0,"Yew Bio-Pharm Group, Inc.",0.05,27788799.0,991234.0,CA,2206267.0,2204502.0,31/12/12,2012.0,1/1/12,6727524.0
9.0,0.5351799814643188,0.0,0.6777863724763418,0.6788524617939926,0.2716604263206673,0.16224782194045748,0.16224782194045748,0.1819583125061896,,24902097.0,1443648.0,2697500.0,0.0,1548240.0,"Yew Bio-Pharm Group, Inc.",0.1,22204597.0,710844.0,CA,4040311.0,4046666.0,31/12/11,2011.0,1/1/11,5961039.0
10.0,0.876966193835803,,,,0.5811723750736024,0.12509403361405108,,0.14873897195047894,,20672129.0,2881917.0,3286235.0,,1548240.0,"Yew Bio-Pharm Group, Inc.",0.06,17385894.0,972048.0,CA,2585960.0,2580693.0,31/12/10,2010.0,1/1/10,
11.0,,,,,,,,,,,,,,1548240.0,"Yew Bio-Pharm Group, Inc.",,14286108.0,,CA,,,31/12/09,2009.0,1/1/09,
0.0,1.9362436086012467,0.28356593893838944,0.03322840001395235,0.04994070250095922,0.9802537881441012,0.022405051940854896,0.18033994176038853,0.04022739749165998,,680293000.0,331725000.0,171324000.0,107442000.0,5981.0,AMERICAN VANGUARD CORPORATION,0.52,378896000.0,163784000.0,CA,15242000.0,22908000.0,12/31/2020,2020.0,1/1/20,458704000.0
1.0,2.4250133441047907,0.410597379083452,0.029050420132169692,0.056005519174003496,1.2470318383127281,0.020297031180513896,0.2423033645824939,0.03753905430618576,,670098000.0,336199000.0,138638000.0,148766000.0,5981.0,AMERICAN VANGUARD CORPORATION,0.47,362316000.0,163313000.0,CA,13601000.0,26221000.0,12/31/2019,2019.0,1/1/19,468186000.0
2.0,2.1314661096146446,0.29362755520456824,0.05326104184277261,0.08589787616229924,1.0327428398658678,0.04076066355900652,0.2036196884365729,0.0734896576861161,,593587000.0,310188000.0,145528000.0,96671000.0,5981.0,AMERICAN VANGUARD CORPORATION,0.83,329230000.0,159895000.0,CA,24195000.0,39021000.0,12/31/2018,2018.0,1/1/18,454272000.0
3.0,2.0196431118365794,0.2540024913131843,0.057102299132227564,0.07546606505617566,1.044032582684902,0.0378534406787256,0.18252699816278062,0.06645905723464236,,535592000.0,254883000.0,126202000.0,77486000.0,5981.0,AMERICAN VANGUARD CORP,0.7,305060000.0,123124000.0,CA,20274000.0,26794000.0,12/31/2017,2017.0,1/1/17,355047000.0
4.0,2.3391948410490966,0.145118537155817,0.04097234014603685,0.06580949848292125,1.097090879123143,0.029742578310338733,0.12498720799337606,0.04531698501009958,,429956000.0,227075000.0,97074000.0,40951000.0,5981.0,AMERICAN VANGUARD CORP,0.44,282190000.0,120576000.0,CA,12788000.0,20540000.0,12/31/2016,2016.0,1/1/16,312113000.0
5.0,2.5764496347731987,0.2545539223905065,0.02277612291020174,0.03982279478336593,1.0380219136080802,0.015142325453167,0.17210467066418544,0.024557089364555973,,435270000.0,228562000.0,88712000.0,68321000.0,5981.0,AMERICAN VANGUARD CORP,0.23,268395000.0,136477000.0,CA,6591000.0,11524000.0,12/31/2015,2015.0,1/1/15,289382000.0
6.0,3.533128192504154,0.37687712364841364,0.016210478378215473,0.022468975401327376,1.4944673518370362,0.010249385481483991,0.21901630458946353,0.01850273470495381,,472321000.0,287049000.0,81245000.0,98605000.0,5981.0,AMERICAN VANGUARD CORP,0.17,261637000.0,165631000.0,CA,4841000.0,6710000.0,12/31/2014,2014.0,1/1/14,298634000.0
7.0,2.257993285007104,0.20033106806278664,0.09041233947735164,0.14627802667044598,0.9925519687960977,0.0769908122375364,0.1924826178976987,0.13354758424984398,,447443000.0,249506000.0,110499000.0,51676000.0,5981.0,AMERICAN VANGUARD CORP,1.22,257953000.0,139830000.0,CA,34449000.0,55735000.0,12/31/2013,2013.0,1/1/13,381021000.0
8.0,1.9558106800387085,0.16081607627611885,0.10067724405363336,0.16200060078101533,1.1820709070115245,0.09219285303458451,0.18270774462977318,0.1637972782647716,,399890000.0,222317000.0,113670000.0,36196000.0,5981.0,AMERICAN VANGUARD CORP,1.32,225077000.0,87951000.0,CA,36867000.0,59323000.0,12/31/2012,2012.0,1/1/12,366190000.0
9.0,2.325061689338817,0.2775241618200479,0.07329613391789558,0.13028430981798858,1.4257513445112306,0.06442120750354685,0.21597802415941242,0.11796527540198426,,342558000.0,183738000.0,79025000.0,51917000.0,5981.0,AMERICAN VANGUARD CORP,0.8,187072000.0,71068000.0,CA,22068000.0,39226000.0,12/31/2011,2011.0,1/1/11,301080000.0
10.0,2.3173133278630877,0.32271670361758503,0.04783555439421653,0.08357721452835119,0.8705505411635994,0.039203509185199464,0.23090952569607287,0.0659949410287376,,280179000.0,118614000.0,51186000.0,53712000.0,5981.0,AMERICAN VANGUARD CORP,0.4,166437000.0,74054000.0,CA,10984000.0,19191000.0,12/31/2010,2010.0,1/1/10,229620000.0
11.0,2.337526246208881,0.29677242352387856,-0.027655031075484046,-0.030234702310716625,0.9277743214868963,-0.022678126518012442,0.1552995283388439,-0.03781509860406174,,255268000.0,120233000.0,51436000.0,45432000.0,5981.0,AMERICAN VANGUARD CORP,-0.21,153087000.0,72512000.0,CA,-5789000.0,-6329000.0,12/31/2009,2009.0,1/1/09,209329000.0
12.0,2.9922064569195967,0.48910819979094927,0.08427704198907122,0.15216091741110896,1.1286243059839605,0.06976792815147576,0.33558586031079995,0.1283738288990208,,286937000.0,145511000.0,48630000.0,76273000.0,5981.0,AMERICAN VANGUARD CORP,0.75,155943000.0,90626000.0,CA,20019000.0,36144000.0,12/31/2008,2008.0,1/1/08,237538000.0
13.0,2.494035310959122,0.40185631784970555,0.08643878483536568,0.16621742622148786,1.23240416732941,0.07533962772697833,0.30124184873341087,0.13402128253386672,,248581000.0,125440000.0,50296000.0,56155000.0,5981.0,AMERICAN VANGUARD CORP,0.71,139739000.0,63455000.0,CA,18728000.0,36013000.0,12/31/2007,2007.0,1/1/07,216662000.0
14.0,3.141549949284589,0.7756727913498845,0.07972297196174866,0.15077591590072817,1.7036493514901698,0.05887733634173857,0.41623090526572554,0.12779933320648262,,262376000.0,145570000.0,46337000.0,93761000.0,5981.0,AMERICAN VANGUARD CORP,0.6,120877000.0,66628000.0,CA,15448000.0,29216000.0,12/31/2006,2006.0,1/1/06,193771000.0
15.0,1.6395702225633155,0.4166302977402774,0.10011802145461443,0.1700088516090961,0.9586953184957789,0.10370742303263165,0.2912725744568213,0.23036077974978178,,183227000.0,106818000.0,65150000.0,34367000.0,5981.0,AMERICAN VANGUARD CORP,0.78,82488000.0,44359000.0,CA,19002000.0,32267000.0,12/31/2005,2005.0,1/1/05,189796000.0
16.0,1.9611563021647545,0.3044144313136997,0.09596632527924166,0.16544363793046302,0.804986619326462,0.1183283474735586,0.2774998773968908,0.22630213218283,,122346000.0,74016000.0,37741000.0,19474000.0,5981.0,AMERICAN VANGUARD CORP,1.61,63972000.0,43635000.0,CA,14477000.0,24958000.0,12/31/2004,2004.0,1/1/04,150855000.0
17.0,1.9868314298196343,0.43990145825883104,0.08219408471684966,0.13248119939453643,0.9449229232977595,0.0961549272022036,0.30360522420222236,0.20389796161640245,,106734000.0,63670000.0,32046000.0,22142000.0,5981.0,AMERICAN VANGUARD CORP,1.16,50334000.0,33389000.0,CA,10263000.0,16542000.0,12/31/2003,2003.0,1/1/03,124863000.0
18.0,,,0.07002016469489723,0.11799823186419128,,,,,,,,,,5981.0,AMERICAN VANGUARD CORP,0.81,,,CA,7049000.0,11879000.0,12/31/2002,2002.0,1/1/02,100671000.0
0.0,2.452925607335287,0.0,0.2557860486233474,0.07481595987330689,0.5219775025994896,0.05581489702479378,0.05581489702479378,0.10937362774508762,,423937000.0,51899000.0,21158000.0,0.0,3545.0,"ALICO, INC.",3.16,216341000.0,40855000.0,FL,23662000.0,6921000.0,30/9/20,2020.0,1/10/19,92507000.0
1.0,2.1407550689095367,0.8137342192349063,0.3094698611872296,0.3698456454343932,0.7541708403854789,0.09064228008471734,0.4694528831686584,0.1947113528869858,,417388000.0,61977000.0,28951000.0,158111000.0,3545.0,"ALICO, INC.",5.06,194303000.0,40143000.0,FL,37833000.0,45214000.0,30/9/19,2019.0,1/10/18,122251000.0
2.0,3.3088563978394485,0.9823201659336381,0.16055412704075983,0.12961208646547165,1.3982119575339915,0.03082031637468058,0.4301240842469215,0.07582051743871901,,423422000.0,71061000.0,21476000.0,169074000.0,3545.0,"ALICO, INC.",1.59,172117000.0,41033000.0,FL,13050000.0,10535000.0,30/9/18,2018.0,1/10/17,81281000.0
3.0,4.159982481386473,1.1325004201916073,-0.07279575441542337,-0.046938665475356044,1.8948257523618846,-0.02254629254118736,0.4114561216846143,-0.05883305009306466,,419182000.0,66489000.0,15983000.0,181926000.0,3545.0,ALICO INC,-1.14,160641000.0,36204000.0,FL,-9451000.0,-6094000.0,30/9/17,2017.0,1/10/16,129829000.0
4.0,3.847895920334083,1.1108767075912156,0.04849649088740326,0.15150212211157035,0.7175286433236964,0.015354214010473273,0.4385139808319336,0.04030779872038734,,455445000.0,71871000.0,18678000.0,192726000.0,3545.0,ALICO INC,0.84,173490000.0,58469000.0,FL,6993000.0,21846000.0,30/9/16,2016.0,1/10/15,144196000.0
5.0,2.932087511394713,1.1773010591433124,0.08609249898776171,0.12384572182385747,0.5175271401342504,0.028653214167724435,0.4654609552955087,0.07722724716468272,,460088000.0,70763000.0,24134000.0,200970000.0,3545.0,ALICO INC,1.64,170704000.0,58273000.0,FL,13183000.0,18964000.0,30/9/15,2015.0,1/10/14,153126000.0
6.0,6.0818577648766325,0.3610975526873482,0.09129544340067114,0.09021855138794073,4.849685534591195,0.03686233403214535,0.26375883220746954,0.05866506848891882,,257580000.0,125712000.0,20670000.0,58444000.0,3545.0,ALICO INC,1.29,161851000.0,25469000.0,FL,9495000.0,9383000.0,30/9/14,2014.0,1/10/13,104003000.0
7.0,5.203637629449134,0.2382019952920076,0.19325011558021266,0.11739998622874062,2.6448524932555912,0.0988030577348622,0.26979480989740495,0.1376387176325524,,198840000.0,59795000.0,11491000.0,34000000.0,3545.0,ALICO INC,2.69,142736000.0,29403000.0,FL,19646000.0,11935000.0,30/9/13,2013.0,1/10/12,101661000.0
8.0,3.0013412642873805,0.2872140247440139,0.14536863044179044,0.18667002130720908,1.4099020293911826,0.09989572245965324,0.29782313880799427,0.14495946560456618,,185083000.0,51467000.0,17148000.0,36633000.0,3545.0,ALICO INC,2.51,127546000.0,27290000.0,FL,18489000.0,23742000.0,30/9/12,2012.0,1/10/11,127187000.0
9.0,2.4673205377526,0.47929083566103864,0.07198352807530023,0.15454600778967867,0.5756320284095713,0.039420112755853026,0.3386896992251507,0.06313270589072535,,180035000.0,29181000.0,11827000.0,53879000.0,3545.0,ALICO INC,0.96,112414000.0,22373000.0,FL,7097000.0,15237000.0,30/9/11,2011.0,1/10/10,98592000.0
10.0,4.732178968655207,0.6858709389283237,-0.007807800280729898,0.043425406055744936,2.3811931243680484,-0.0032994910415905347,0.37897011391982716,-0.005919971112821536,,188817000.0,37441000.0,7912000.0,72179000.0,3545.0,ALICO INC,-0.08,105237000.0,18601000.0,FL,-623000.0,3465000.0,30/9/10,2010.0,1/10/09,79792000.0
11.0,4.060028472002531,0.6905759946105767,-0.040758198552408184,-0.08106960950764007,2.5781398291679847,-0.018223587284940196,0.350373311359153,-0.03414237059770201,,200235000.0,51335000.0,12644000.0,73806000.0,3545.0,ALICO INC,-0.49,106876000.0,18737000.0,FL,-3649000.0,-7258000.0,30/9/09,2009.0,1/10/08,89528000.0
12.0,6.765384615384615,1.1454200687487552,0.04814318365382963,0.022159784159062397,5.257087912087912,0.0204539812800257,0.5033767504344144,0.04851376273886729,,273932000.0,123130000.0,18200000.0,132288000.0,3545.0,ALICO INC,0.64,115493000.0,27451000.0,FL,5603000.0,2579000.0,30/9/08,2008.0,1/10/07,116382000.0
13.0,5.385313071843425,1.1503941990320319,-1.1200527704485488,-1.16622691292876,4.302012888853529,-0.0029753039260694797,0.4684964727403986,-0.0072597609152942385,,285349000.0,135376000.0,25138000.0,134534000.0,3545.0,ALICO INC,-0.09,116946000.0,27232000.0,FL,-849000.0,-884000.0,30/9/07,2007.0,1/9/07,758000.0
14.0,,,-0.10370819287148214,0.12846483087761829,,,,,,,,,,3545.0,ALICO INC,-1.86,,,FL,-13690000.0,16958000.0,31/8/07,2007.0,1/9/06,132005000.0
15.0,,,0.09156733725257538,0.07215090879672079,,,,,,,,,,3545.0,ALICO INC,0.92,,,FL,6791000.0,5351000.0,31/8/06,2006.0,1/9/05,74164000.0
0.0,5.700503959683226,0.041166101694915254,-1.8798373233826673,-1.837742652299694,5.501367890568755,-0.7080076428695501,-0.6840368247351051,-1.2158915254237288,,63327000.0,39590000.0,6945000.0,1518000.0,1705843.0,"Calyxt, Inc.",-1.32,36875000.0,1383000.0,MN,-44836000.0,-43832000.0,31/12/20,2020.0,1/1/20,23851000.0
1.0,8.827404113396332,0.0,-5.4292763157894735,-5.4376370614035086,8.46692607003891,-0.449635633045018,-0.449635633045018,-0.6337108850067191,,88098000.0,63522000.0,7196000.0,0.0,1705843.0,"Calyxt, Inc.",-121.0,62508000.0,2594000.0,MN,-39612000.0,-39673000.0,31/12/19,2019.0,1/1/19,7296000.0
2.0,13.638206739006282,0.0,-118.20762711864407,-119.13135593220339,13.638206739006282,-0.2348410233098467,-0.2348410233098467,-0.2986926774949945,,118791000.0,95522000.0,7004000.0,0.0,1705843.0,"Calyxt, Inc.",-0.91,93397000.0,0.0,MN,-27897000.0,-28115000.0,31/12/18,2018.0,1/1/18,236000.0
3.0,13.506582040432534,0.0,-51.14173228346457,-50.76574803149607,13.506582040432534,-0.35999833719012847,-0.35999833719012847,-0.4520147539842717,,72167000.0,57457000.0,4254000.0,0.0,1705843.0,"Calyxt, Inc.",-1.12,57476000.0,0.0,MN,-25980000.0,-25789000.0,31/12/17,2017.0,1/1/17,508000.0
4.0,1.9075043630017452,0.0,-30.290726817042607,-30.348370927318296,1.9075043630017452,-0.7270649100643687,-0.7270649100643687,-0.9212592423202988,,16623000.0,5465000.0,2865000.0,0.0,1705843.0,"Calyxt, Inc.",-0.62,13119000.0,0.0,MN,-12086000.0,-12109000.0,31/12/16,2016.0,1/1/16,399000.0
5.0,,,-4.629716981132075,-4.570754716981132,,,,-0.24277528136208104,,,,,,1705843.0,"CALYXT, INC.",-0.88,24257000.0,,MN,-5889000.0,-5814000.0,31/12/15,2015.0,1/1/15,1272000.0
0.0,4.168144911774082,0.14577984656757806,0.10200469760139158,0.13713810391862885,1.5239738228731083,0.11005933301507195,0.21446088794926005,0.153680016455513,,366575000.0,222283000.0,53329000.0,38271000.0,835011.0,"MGP INGREDIENTS, INC.",2.37,262526000.0,141011000.0,KS,40345000.0,54241000.0,31/12/20,2020.0,1/1/20,395521000.0
1.0,4.687771981168088,0.17597513893457523,0.10694289376834967,0.1302347379012805,1.203079272172032,0.12025220321329709,0.2462856133194047,0.16790308339537058,,322597000.0,184206000.0,39295000.0,40658000.0,835011.0,"MGP INGREDIENTS, INC.",2.27,231044000.0,136931000.0,KS,38793000.0,47242000.0,31/12/19,2019.0,1/1/19,362745000.0
2.0,4.127352320956677,0.10444745607895116,0.0991361087402184,0.1333407783795857,1.2239809945813203,0.13416723043484519,0.2098800973039886,0.18508645211252922,,277892000.0,154623000.0,37463000.0,21040000.0,835011.0,"MGP Ingredients, Inc.",2.17,201441000.0,108769000.0,KS,37284000.0,50148000.0,31/12/18,2018.0,1/1/18,376089000.0
3.0,3.2405483405483406,0.1268713328987139,0.12037196933066242,0.12349761690958072,1.0003126503126503,0.17402466628940447,0.26309876502113777,0.24786937711136134,,240328000.0,134742000.0,41580000.0,21407000.0,835011.0,"MGP Ingredients, Inc.",2.44,168730000.0,93149000.0,KS,41823000.0,42909000.0,31/12/17,2017.0,1/1/17,347448000.0
4.0,2.997729422894986,0.11086047083914363,0.0979818577717171,0.13188777834683893,0.8661440735234491,0.13838889480597863,0.21036141584123264,0.2131627156645613,,225336000.0,110901000.0,36995000.0,16218000.0,835011.0,"MGP Ingredients, Inc.",1.82,146292000.0,78858000.0,KS,31184000.0,41975000.0,31/12/16,2016.0,1/1/16,318263000.0
5.0,2.4210721967021587,0.06524621212121212,0.07994713129265821,0.10027350093405453,0.8624040784896843,0.13478976892594308,0.17379445216406772,0.22547348484848484,,194310000.0,91180000.0,37661000.0,7579000.0,835011.0,MGP INGREDIENTS INC,1.48,116160000.0,58701000.0,KS,26191000.0,32850000.0,31/12/15,2015.0,1/1/15,327604000.0
6.0,2.674808117601145,0.07349207109663201,0.07554171466131467,0.05302757152930891,1.5547027448939768,0.14777018381549792,0.19564335424273632,0.22684808125329373,,160215000.0,82245000.0,30748000.0,7670000.0,835011.0,MGP INGREDIENTS INC,1.32,104365000.0,34441000.0,KS,23675000.0,16619000.0,31/12/14,2014.0,1/1/14,313403000.0
7.0,2.1050073206442166,0.044250824111858635,-0.015247599485250446,-0.016082830132647,1.0825475841874086,-0.03257141724322503,-0.008709500492304846,-0.06040219109591559,,151329000.0,71886000.0,34150000.0,3611000.0,835011.0,MGP INGREDIENTS INC,-0.29,81603000.0,34917000.0,KS,-4929000.0,-5199000.0,31/12/13,2013.0,1/1/13,323264000.0
8.0,2.6230559940882068,0.059520656017137526,0.004857403502475062,-0.002823515336414076,1.3959557959087703,0.009952748956616065,0.04162504366584748,0.018703859398574177,,163171000.0,78091000.0,29771000.0,5168000.0,835011.0,MGP INGREDIENTS INC,0.09,86827000.0,36532000.0,KS,1624000.0,-944000.0,31/12/12,2012.0,1/1/12,334335000.0
9.0,1.3191935238545909,0.08115598720833826,0.0725626522382866,0.02157434004489537,0.793902418414426,0.06287058767890184,0.10337733584776274,0.12596233566267914,,169157000.0,78058000.0,59171000.0,6852000.0,835011.0,MGP INGREDIENTS INC,0.59,84430000.0,31082000.0,KS,10635000.0,3162000.0,31/12/11,2011.0,1/7/11,146563000.0
10.0,1.591589130894481,0.10242293678023352,-0.005290323100540314,0.0025988258947817994,1.1401459082258405,-0.009620245744891304,0.04681169083329059,-0.017460570759860634,,136483000.0,60213000.0,37832000.0,7702000.0,835011.0,MGP INGREDIENTS INC,-0.08,75198000.0,17079000.0,KS,-1313000.0,645000.0,30/6/11,2011.0,1/7/10,248189000.0
11.0,2.0636263643286235,0.028605187953396352,0.04326363685875695,0.03592099855919909,1.4497842457060666,0.07204577685432538,0.08921209722634478,0.1200538579907672,,121284000.0,48780000.0,23638000.0,2082000.0,835011.0,MGP INGREDIENTS INC,0.52,72784000.0,14510000.0,KS,8738000.0,7255000.0,30/6/10,2010.0,1/7/09,201971000.0
12.0,1.6305782621858915,0.15077327656377185,-0.23687511137307582,-0.27074966074047674,1.2188313654253708,-0.4762767687346691,-0.40990959953697326,-1.0820080145263289,,145132000.0,80787000.0,49545000.0,9632000.0,835011.0,MGP INGREDIENTS INC,-4.17,63884000.0,20400000.0,KS,-69123000.0,-79008000.0,30/6/09,2009.0,1/7/08,291812000.0
0.0,1.3515145735990592,0.6428688189619943,-0.10275921143950431,-0.11884679592589582,1.3515145735990592,-0.042184291581108826,0.2808341889117043,-0.08395484266448713,,389600000.0,42520000.0,31461000.0,125848000.0,1342423.0,LIMONEIRA COMPANY,-0.96,195760000.0,0.0,CA,-16435000.0,-19008000.0,31/10/20,2020.0,1/11/19,159937000.0
1.0,1.107566953006569,0.4912985817906247,-0.03568319233378765,-0.03310737380590697,1.107566953006569,-0.014862441761885828,0.2575156239449617,-0.0268079463029122,,399867000.0,35070000.0,31664000.0,108915000.0,1342423.0,LIMONEIRA COMPANY,-0.37,221688000.0,0.0,CA,-5943000.0,-5514000.0,31/10/19,2019.0,1/11/18,166549000.0
2.0,1.1466351481125803,0.3654878160080314,0.16235604452164962,0.07628836132020846,1.1466351481125803,0.04791391255022678,0.23800550150828667,0.09212375650269235,,421339000.0,31044000.0,27074000.0,80093000.0,1342423.0,LIMONEIRA COMPANY,1.26,219140000.0,0.0,CA,20188000.0,9486000.0,31/10/18,2018.0,1/11/17,124344000.0
3.0,0.9790802066570679,0.7684092022252601,0.056917726052697445,0.1023828634060879,0.9790802066570679,0.019452498444095082,0.3294919933575396,0.048211531291805866,,339031000.0,23120000.0,23614000.0,105113000.0,1342423.0,LIMONEIRA CO,0.42,136793000.0,0.0,CA,6595000.0,11863000.0,31/10/17,2017.0,1/11/16,115869000.0
4.0,0.7788724685276409,0.716786036142864,0.07592575143691699,0.08657307076227269,0.7788724685276409,0.02638092244833818,0.32323014064587097,0.0637006118673813,,305448000.0,18499000.0,23751000.0,90672000.0,1342423.0,Limoneira CO,0.52,126498000.0,0.0,CA,8058000.0,9188000.0,31/10/16,2016.0,1/11/15,106130000.0
5.0,0.6995729971533143,0.7393957385051785,0.07445019132921239,0.048179218704007404,0.6995729971533143,0.026290975238519507,0.3591713999331774,0.0583976515601293,,269370000.0,13762000.0,19672000.0,89668000.0,1342423.0,Limoneira CO,0.46,121272000.0,0.0,CA,7082000.0,4583000.0,31/10/15,2015.0,1/11/14,95124000.0
6.0,0.7012728907396015,0.577660590387817,0.07095877062991007,0.1004141207040052,0.7012728907396015,0.028316598281805036,0.305180102638049,0.059081036770360605,,246887000.0,14820000.0,21133000.0,68354000.0,1342423.0,Limoneira CO,0.46,118329000.0,0.0,CA,6991000.0,9893000.0,31/10/14,2014.0,1/11/13,98522000.0
7.0,0.926541737649063,0.5771506599908967,0.06133266658332292,0.06748343542942868,0.926541737649063,0.02337147593776499,0.31935935668892973,0.04557234819280466,,209914000.0,13597000.0,14675000.0,62132000.0,1342423.0,Limoneira CO,0.36,107653000.0,0.0,CA,4906000.0,5398000.0,31/10/13,2013.0,1/11/12,79990000.0
8.0,0.8089451913133402,1.8034485533781337,0.05117540980943252,0.07401751336246812,0.8089451913133402,0.018247963758964675,0.5375039102779483,0.06337773127841938,,172622000.0,9387000.0,11604000.0,89635000.0,1342423.0,Limoneira CO,0.26,49702000.0,0.0,CA,3150000.0,4556000.0,31/10/12,2012.0,1/11/11,61553000.0
9.0,0.9503608778907056,1.689452010111718,0.034675056959965284,0.021916024736899208,0.9503608778907056,0.010048544910330257,0.5311580350630077,0.032577672673897086,,159028000.0,6452000.0,6789000.0,82871000.0,1342423.0,Limoneira CO,0.12,49052000.0,0.0,CA,1598000.0,1010000.0,31/10/11,2011.0,1/11/10,46085000.0
10.0,1.1664562953613127,1.6496084152334152,0.00686737253901433,0.06639877535399924,1.1664562953613127,0.0020258658538115128,0.5410316235778171,0.006200092137592137,,159438000.0,7393000.0,6338000.0,85938000.0,1342423.0,LIMONEIRA CO,0.01,52096000.0,0.0,CA,323000.0,3123000.0,31/10/10,2010.0,1/11/09,47034000.0
11.0,1.468105608016959,1.3468827881996097,-0.09270776270421809,-0.2418071085618535,1.468105608016959,-0.020279414667155386,0.47113513970733356,-0.05558238828461583,,141868000.0,7618000.0,5189000.0,69716000.0,1342423.0,LIMONEIRA CO,-0.28,51761000.0,0.0,CA,-2877000.0,-7504000.0,31/10/09,2009.0,1/11/08,31033000.0
12.0,,,0.07018917941920713,0.1172028758484958,,,,0.06379366991567188,,,,,,1342424.0,LIMONEIRA CO,0.31,54786000.0,,CA,3495000.0,5836000.0,31/10/08,2008.0,1/11/07,49794000.0
0.0,2.9552984235307576,0.9709904439541398,-0.34071287656286675,0.053614813217205966,2.4867610896128407,-0.06835347672321748,0.2682419955636607,-0.1971820127536317,,785783000.0,155032000.0,52459000.0,264491000.0,1592016.0,"AgroFresh Solutions, Inc.",-1.26,272393000.0,24579000.0,PA,-53711000.0,8452000.0,31/12/20,2020.0,1/1/20,157643000.0
1.0,2.6587046486399615,1.1929298801867625,-0.31512068914826685,-0.2396436656572487,2.2042669452368515,-0.0665154922724813,0.4275492371774822,-0.16060308193930822,,805692000.0,132345000.0,49778000.0,398064000.0,1592016.0,"AgroFresh Solutions,Â Inc.",-1.07,333686000.0,22621000.0,PA,-53591000.0,-40755000.0,31/12/19,2019.0,1/1/19,170065000.0
2.0,2.234010358167977,1.098805148320263,-0.168133970221382,0.041077041826541226,1.8470298265318856,-0.0334264812012183,0.41171394671556466,-0.0825114667881739,,899287000.0,143209000.0,64104000.0,400309000.0,1592016.0,"AgroFresh Solutions, Inc.",-0.6,364313000.0,24807000.0,PA,-30060000.0,7344000.0,31/12/18,2018.0,1/1/18,178786000.0
3.0,1.888836079425433,0.9883008657212177,0.1430931681562679,0.248637411142136,1.6341994085340092,0.023870520908444638,0.4335960978903915,0.057578188437261583,,983263000.0,178835000.0,94680000.0,402868000.0,1592016.0,"AgroFresh Solutions, Inc.",0.47,407637000.0,24109000.0,PA,23471000.0,40783000.0,31/12/17,2017.0,1/1/17,164026000.0
4.0,1.76010116651182,1.1726148383535484,-0.6986954261628745,-0.23081499852820522,1.6004335707649426,-0.11550519545599497,0.2913886714624722,-0.3328708469468439,,965844000.0,170501000.0,96870000.0,392996000.0,1592016.0,"AgroFresh Solutions, Inc.",-2.26,335145000.0,15467000.0,PA,-111560000.0,-36854000.0,31/12/16,2016.0,1/1/16,159669000.0
6.0,2.673612549948202,0.9152585136842959,-0.1739953469342892,-0.08104394765606394,2.0198312860737015,-0.02631817149021774,0.34894344927466625,-0.06418969910092971,,1082674000.0,180656000.0,67570000.0,406286000.0,1592016.0,"AgroFresh Solutions, Inc.",-0.29,443903000.0,44176000.0,PA,-28494000.0,-13272000.0,31/12/15,2015.0,1/1/15,163763000.0
0.0,1.5484994956838396,2.017375199289717,-0.2805548173611885,-0.09967624223824342,0.9937648183806866,-0.09505557276740764,0.5187059484160793,-0.3124385423926222,,1032880000.0,118214000.0,76341000.0,633942000.0,1425292.0,"CVR PARTNERS, LP",-8.77,314241000.0,42349000.0,TX,-98181000.0,-34882000.0,31/12/20,2020.0,1/1/20,349953000.0
1.0,1.654420039453999,1.5073651392940908,-0.08651902508059588,0.06774259792120779,1.0150004633858944,-0.030729686147519013,0.5250093369245709,-0.08335001811490571,,1137955000.0,124960000.0,75531000.0,632406000.0,1425292.0,"CVR Partners,Â LP",-3.09,419544000.0,48296000.0,TX,-34969000.0,27380000.0,31/12/19,2019.0,1/1/19,404177000.0
2.0,1.5601663472907408,1.2584159287432026,-0.1424937763827254,0.017984402504258264,1.041929302401435,-0.03988159963264955,0.4615493770667449,-0.10008883091315778,,1254388000.0,191331000.0,122635000.0,628989000.0,1425292.0,"CVR Partners, LP",-0.44,499826000.0,63554000.0,TX,-50027000.0,6314000.0,31/12/18,2018.0,1/1/18,351082000.0
10.0,2.103396024601123,1.1383115123496643,-0.22003494537517912,-0.031069945163572168,1.1555575363223103,-0.05897222339249892,0.44812991583730055,-0.1323771989968228,,1234276000.0,117990000.0,56095000.0,625904000.0,1425292.0,"CVR PARTNERS, LP",-0.64,549853000.0,53169000.0,TX,-72788000.0,-10278000.0,31/12/17,2017.0,1/1/17,330802000.0
11.0,2.13487050907706,0.9971195713922232,-0.07560822265383794,0.06892535168573385,1.2118192205154246,-0.020528616837001808,0.4543219604684286,-0.0431072143534958,,1312217000.0,134531000.0,63016000.0,623107000.0,1425292.0,"CVR PARTNERS, LP",-0.26,624907000.0,58167000.0,TX,-26938000.0,24557000.0,31/12/16,2016.0,1/1/16,356284000.0
12.0,3.8027707030948523,0.3236217163962319,0.2080591829480137,0.23048418143892901,2.3545573821100563,0.11569495855516498,0.3483697121705159,0.16091733410798026,,536255000.0,98545000.0,25914000.0,124773000.0,1425292.0,"CVR PARTNERS, LP",0.85,385552000.0,37529000.0,TX,62042000.0,68729000.0,31/12/15,2015.0,1/1/15,298194000.0
13.0,3.2633540685521445,0.30198269759935836,0.25496459243634173,0.27724373461905477,2.3664341300022667,0.1315547155599398,0.34750422829145927,0.18396544351594832,,578839000.0,129578000.0,39707000.0,125000000.0,1425292.0,"CVR PARTNERS, LP",1.04,413931000.0,35614000.0,TX,76149000.0,82803000.0,31/12/14,2014.0,1/1/14,298665000.0
14.0,4.958007741181626,0.2841419254820752,0.366469759509627,0.38573308781729654,3.7506755276418606,0.1998739582174861,0.4105052792634307,0.26963022906385464,,593454000.0,135780000.0,27386000.0,125000000.0,1425292.0,"CVR PARTNERS, LP",1.62,439921000.0,33064000.0,TX,118616000.0,124851000.0,31/12/13,2013.0,1/1/13,323672000.0
15.0,3.356200101061142,0.2801478284060933,0.37121951380871887,0.38291284745078713,2.771076301162203,0.1801465276729903,0.38080339800370494,0.2515122379777361,,622954000.0,166048000.0,49475000.0,125000000.0,1425292.0,"CVR PARTNERS, LP",1.54,446193000.0,28949000.0,TX,112223000.0,115758000.0,31/12/12,2012.0,1/1/12,302309000.0
16.0,6.403707542281057,0.25536835352786275,0.43731076677221353,0.44969574103484367,5.855938191925378,0.20088759595273234,0.3904800328829123,0.27058217855763866,,659309000.0,271863000.0,42454000.0,125000000.0,1425292.0,"CVR PARTNERS, LP",1.48,489489000.0,23255000.0,TX,132447000.0,136198000.0,31/12/11,2011.0,1/1/11,302867000.0
17.0,1.5879850681482768,0.0,0.1845534942482878,0.11279562027617085,1.1576091674624533,0.07365895193126402,0.07365895193126402,0.08280892981902174,,452165000.0,73168000.0,46076000.0,0.0,1425292.0,"CVR PARTNERS, LP",,402203000.0,19830000.0,TX,33306000.0,20356000.0,31/12/10,2010.0,1/1/10,180468000.0
18.0,,,0.2777641802362133,0.23450000239956617,,,,,,,,,,1425292.0,"CVR PARTNERS, LP",,,,TX,57878000.0,48863000.0,31/12/09,2009.0,1/1/09,208371000.0
0.0,1.5466949452103216,0.9890944695793099,0.11861011180284785,0.19435169427629737,1.1594202898550725,0.054052462106337865,0.34164179690567814,0.18590046593287865,,10186400000.0,4375600000.0,2829000000.0,2929500000.0,37785.0,FMC CORPORATION,4.24,2961800000.0,1095600000.0,PA,550600000.0,902200000.0,31/12/20,2020.0,1/1/20,4642100000.0
1.0,1.495943316568156,1.196975081941318,0.10416937828105341,0.17822899041173154,1.1225815925694775,0.048639176719641034,0.3556575202325605,0.18962998065000197,,9872700000.0,4074800000.0,2723900000.0,3031100000.0,37785.0,FMC CORPORATION,3.64,2532300000.0,1017000000.0,PA,480200000.0,821600000.0,31/12/19,2019.0,1/1/19,4609800000.0
2.0,1.3463619963920626,0.6787316222277597,0.10620161597360295,0.1862388425906341,0.9797888688447919,0.050339372186519356,0.2688008181025235,0.15639795664091702,,9974300000.0,4030200000.0,2993400000.0,2179000000.0,37785.0,FMC CORPORATION,3.72,3210400000.0,1097300000.0,PA,502100000.0,880500000.0,31/12/18,2018.0,1/1/18,4727800000.0
3.0,1.6532542771793246,1.1056111706253924,0.18703536441325644,0.09025220593343987,1.2040372951932652,0.0584816918849049,0.38358515364478674,0.19888441505670273,,9206300000.0,3652700000.0,2209400000.0,2993000000.0,37785.0,FMC CORPORATION,3.99,2707100000.0,992500000.0,PA,538400000.0,259800000.0,31/12/17,2017.0,1/1/17,2878600000.0
4.0,1.9810874704491725,0.9025589563472153,0.0644954911040702,0.12841213746039484,1.4919343623974413,0.034482758620689655,0.3274803316338996,0.10622177621675866,,6139300000.0,2849200000.0,1438200000.0,1798800000.0,37785.0,FMC CORPORATION,1.56,1993000000.0,703500000.0,PA,211700000.0,421500000.0,31/12/16,2016.0,1/1/16,3282400000.0
5.0,2.044932223216129,1.0670754074306974,0.1521440561574851,-0.015321226918968412,1.4943232642950526,0.07880301617161195,0.40070187641284244,0.26122727034533355,,6325900000.0,2971900000.0,1453300000.0,2036300000.0,37785.0,FMC CORPORATION,3.66,1908300000.0,800200000.0,PA,498500000.0,-50200000.0,31/12/15,2015.0,1/1/15,3276500000.0
6.0,1.5360134003350083,0.7374680306905371,0.0797731381727221,0.1350769002154692,1.2028371021775544,0.06031270480292107,0.2762849920419436,0.2059462915601023,,5340500000.0,2934400000.0,1910400000.0,1153400000.0,37785.0,FMC CORPORATION,2.3,1564000000.0,636500000.0,PA,322100000.0,545400000.0,31/12/14,2014.0,1/1/14,4037700000.0
7.0,1.4823576785624402,0.7593762337149625,0.07948797357282956,0.17007329410550223,1.1358534252780994,0.05883251833740831,0.2792825488997555,0.20265824450585604,,5235200000.0,2945000000.0,1986700000.0,1154100000.0,37785.0,FMC CORPORATION,2.16,1519800000.0,688400000.0,PA,308000000.0,659000000.0,31/12/13,2013.0,1/1/13,3874800000.0
8.0,1.9215323645970939,0.6139296088630682,0.11623936184403597,0.17559960515433662,1.3264641127256716,0.09961361713802327,0.3073915727382885,0.2943322299533878,,4373900000.0,2181900000.0,1135500000.0,908800000.0,37785.0,FMC CORPORATION,3.01,1480300000.0,675700000.0,PA,435700000.0,658200000.0,31/12/12,2012.0,1/1/12,3748300000.0
9.0,2.0321774105881074,0.6280025793970659,0.11314722164658515,0.1738950235353326,1.52092618762909,0.10209696807800187,0.31021771069854415,0.3080767370627116,,3743500000.0,1869400000.0,919900000.0,779100000.0,37785.0,FMC CORPORATION,2.57,1240600000.0,470300000.0,PA,382200000.0,587400000.0,31/12/11,2011.0,1/1/11,3377900000.0
10.0,1.7087398795931077,0.4445426425099426,0.05933318358309534,0.12421782241761063,1.3477268009134316,0.055694448627970725,0.207205036296274,0.16341140079540434,,3319900000.0,1646200000.0,963400000.0,503000000.0,37785.0,FMC CORPORATION,1.19,1131500000.0,347800000.0,PA,184900000.0,387100000.0,31/12/10,2010.0,1/1/10,3116300000.0
11.0,2.0977157360406093,0.5462653288740246,0.08085061212936098,0.11842757058948411,1.6034968979131416,0.072858873796314,0.2603469166507238,0.21228167967298403,,3136200000.0,1487700000.0,709200000.0,588000000.0,37785.0,FMC CORPORATION,3.15,1076400000.0,350500000.0,PA,228500000.0,334700000.0,31/12/09,2009.0,1/1/09,2826200000.0
12.0,1.887498353313134,0.6566618673164248,,,1.3858516664471083,0.10174020508367013,0.299776211630315,0.33735740392069996,,2993900000.0,1432800000.0,759100000.0,592900000.0,37785.0,FMC Corporation,4.1,902900000.0,380800000.0,PA,304600000.0,500700000.0,31/12/08,2008.0,1/1/08,
13.0,,,,,,,,,,,,,,37785.0,FMC Corporation,1.74,,,PA,132400000.0,228000000.0,31/12/07,2007.0,1/1/07,
0.0,1.3874526997525833,0.9672917137334639,0.04732779724624714,0.07316287031514067,,0.09298333419800596,0.21058084638226057,0.7648291789040339,,655354000.0,305062000.0,219872000.0,77068000.0,277638.0,THE DAVEY TREE EXPERT COMPANY,2.77,79674000.0,,OH,60937000.0,94201000.0,31/12/20,2020.0,1/1/20,1287552000.0
1.0,1.6986877686030228,2.3953814791297665,0.03589165180288882,0.06116532018326164,,0.06876922355274709,0.30892374908698594,0.6859272131804967,,596924000.0,281425000.0,165672000.0,143354000.0,277638.0,THE DAVEY TREE EXPERT COMPANY,1.79,59846000.0,,OH,41050000.0,69956000.0,31/12/19,2019.0,1/1/19,1143720000.0
2.0,1.8309119099575055,3.7896903700455553,0.02669617512253718,0.053608003973493135,,0.051949876856878636,0.3473471534665216,0.666471777631611,,526623000.0,255068000.0,139312000.0,155563000.0,277638.0,THE DAVEY TREE EXPERT COMPANY,1.12,41049000.0,,OH,27358000.0,54937000.0,31/12/18,2018.0,1/1/18,1024791000.0
3.0,1.6254459531933747,3.2438013102247285,0.02414957891082342,0.056979686841536405,,0.046751984106016255,0.29478055945977366,0.6114382065953506,,473135000.0,209125000.0,128657000.0,117351000.0,277638.0,THE DAVEY TREE EXPERT COMPANY,0.87,36177000.0,,OH,22120000.0,52191000.0,31/12/17,2017.0,1/1/17,915958000.0
4.0,1.5034943862747572,3.2209950675530776,0.02635045490127448,0.05778440493899569,,0.05256416607106211,0.26513484251272,0.796482950889985,,423939000.0,178773000.0,118905000.0,90117000.0,277638.0,DAVEY TREE EXPERT CO,0.85,27978000.0,,OH,22284000.0,48867000.0,31/12/16,2016.0,1/1/16,845678000.0
5.0,1.437552478785172,5.856955017301038,0.026521345558605386,0.053665634915999925,,0.05538306748715655,0.2704135817839049,1.5085121107266437,,393586000.0,160934000.0,111950000.0,84633000.0,277638.0,DAVEY TREE EXPERT CO,0.81,14450000.0,,OH,21798000.0,44108000.0,31/12/15,2015.0,1/1/15,821904000.0
6.0,1.4606794458852086,6.340143480973175,0.02933115249692687,0.0557062757703083,,0.06081038519280638,0.2742097195829965,1.806690580162196,,381004000.0,158269000.0,108353000.0,81306000.0,277638.0,DAVEY TREE EXPERT CO,0.84,12824000.0,,OH,23169000.0,44003000.0,31/12/14,2014.0,1/1/14,789911000.0
7.0,1.4440444186908075,0.38153700681724595,0.03201381806771189,0.0571396151561677,,0.06854981432488047,0.21863170335175086,0.1742668029099117,,333378000.0,152016000.0,105271000.0,50034000.0,277638.0,DAVEY TREE EXPERT CO,1.61,131138000.0,,OH,22853000.0,40789000.0,31/12/13,2013.0,1/1/13,713848000.0
8.0,1.64143858901371,0.4638799044925745,0.03616098142623792,0.0672892716785782,,0.07432040419179771,0.23987405267547413,0.20824513572553469,,330932000.0,161749000.0,98541000.0,54787000.0,277638.0,DAVEY TREE EXPERT CO,1.74,118106000.0,,OH,24595000.0,45767000.0,31/12/12,2012.0,1/1/12,680153000.0
9.0,1.2793257215661293,0.5076742846931279,0.02177129996254067,0.050772869539374085,,0.046306965963639236,0.21466480538892585,0.1396362408911304,,303734000.0,130536000.0,102035000.0,51136000.0,277638.0,DAVEY TREE EXPERT CO,1.0,100726000.0,,OH,14065000.0,32801000.0,31/12/11,2011.0,1/1/11,646034000.0
10.0,1.2868994469247685,0.32114792261789793,0.023748926879060116,0.0500429248375954,,0.04874318001297228,0.15831734921455254,0.14286004737264787,,288307000.0,115875000.0,90042000.0,31591000.0,277638.0,DAVEY TREE EXPERT CO,0.97,98369000.0,,OH,14053000.0,29612000.0,31/12/10,2010.0,1/1/10,591732000.0
11.0,,,,,,,,0.1478765312734641,,,,,,277638.0,DAVEY TREE EXPERT CO,0.97,97223000.0,,OH,14377000.0,27811000.0,31/12/09,2009.0,1/1/00,
0.0,5.701212789415656,,-12.773466833541928,-12.02628285356696,5.701212789415656,-0.702795758160033,,-1.070709190096517,,14522000.0,10342000.0,1814000.0,,1121702.0,"YIELD10 BIOSCIENCE,Â INC.",-4.3,9532000.0,0.0,MA,-10206000.0,-9609000.0,1/1/20,2020.0,31/12/20,799000.0
1.0,5.294064340734028,,-16.074441687344912,-10.665012406947891,5.294064340734028,-0.7749730829046537,,3.171603427172583,,16718000.0,11684000.0,2207000.0,,1121702.0,"YIELD10 BIOSCIENCE,Â INC.",-35.5,-4085000.0,0.0,MA,-12956000.0,-8596000.0,1/1/19,2019.0,31/12/19,806000.0
2.0,3.886045094454601,,-16.519784172661872,-16.760791366906474,3.886045094454601,-0.7087191358024691,,-1.611969111969112,,12960000.0,6377000.0,1641000.0,,1121702.0,"YIELD10 BIOSCIENCE,Â INC.",-36.99,5698000.0,0.0,MA,-9185000.0,-9319000.0,1/1/18,2018.0,31/12/18,556000.0
3.0,6.280842105263158,,-9.953389830508474,-9.833686440677965,6.280842105263158,-0.5565691268807014,,-0.6958969041623463,,16882000.0,14917000.0,2375000.0,,1121702.0,"YIELD10 BIOSCIENCE, INC.",-3.29,13502000.0,0.0,MA,-9396000.0,-9283000.0,1/1/17,2017.0,31/12/17,944000.0
4.0,2.8498912255257434,,-6.5608283002588434,-8.842105263157896,2.8498912255257434,-0.7074804614812058,,-1.193907991835453,,10748000.0,7860000.0,2758000.0,,1121702.0,"YIELD10 BIOSCIENCE, INC.",-2.73,6369000.0,0.0,MA,-7604000.0,-10248000.0,1/1/16,2016.0,31/12/16,1159000.0
5.0,3.7979539641943734,,-17.541481481481483,-9.236296296296297,3.7849104859335037,-1.3858263108614233,,-1.8177003377341112,,17088000.0,14850000.0,3910000.0,,1121702.0,"YIELD10 BIOSCIENCE, INC.",-0.95,13028000.0,51000.0,MA,-23681000.0,-12469000.0,1/1/15,2015.0,31/12/15,1350000.0
6.0,5.243494867510146,,-10.547857142857143,-9.581785714285715,5.103604678920983,-1.276593905338232,,-1.57129176420515,,23135000.0,21965000.0,4189000.0,,1121702.0,"YIELD10 BIOSCIENCE, INC.",-2.88,18796000.0,586000.0,MA,-29534000.0,-26829000.0,1/1/14,2014.0,31/12/14,2800000.0
7.0,4.072800645682001,,-5.655543196143864,-5.291064145346682,3.76271186440678,-1.140923030892363,,-1.4955387783115992,,26738000.0,25231000.0,6195000.0,,1121702.0,"METABOLIX, INC.",-5.31,20398000.0,1921000.0,MA,-30506000.0,-28540000.0,1/1/13,2013.0,31/12/13,5394000.0
8.0,8.180982620320856,,0.08578315530768503,0.09284904055203705,7.645554812834225,0.06783778732947113,,0.07667934093789606,,53510000.0,48955000.0,5984000.0,,1121702.0,"METABOLIX, INC.",0.11,47340000.0,3204000.0,MA,3630000.0,3929000.0,1/1/12,2012.0,31/12/12,42316000.0
9.0,10.947522679692952,,-27.217543859649123,-27.270877192982457,10.947522679692952,-0.4677851215746816,,-0.9828193497706713,,82912000.0,78439000.0,7165000.0,,1121702.0,"METABOLIX, INC.",-1.24,39463000.0,0.0,MA,-38785000.0,-38861000.0,1/1/11,2011.0,31/12/11,1425000.0
10.0,9.89147771696638,,-86.61383928571429,-86.91741071428571,9.89147771696638,-0.581135522906651,,-1.6389170467984457,,66771000.0,63256000.0,6395000.0,,1121702.0,"METABOLIX, INC.",-1.45,23676000.0,0.0,MA,-38803000.0,-38939000.0,1/1/10,2010.0,31/12/10,448000.0
11.0,20.463174046470847,,-26.636491228070174,-27.178245614035088,20.463174046470847,-0.38908706972548535,,-0.6895756122374828,,97554000.0,93353000.0,4562000.0,,1121702.0,"METABOLIX, INC.",-1.62,55044000.0,0.0,MA,-37957000.0,-38729000.0,1/1/09,2009.0,31/12/09,1425000.0
12.0,19.922125813449025,,-23.15434083601286,-25.010932475884243,19.922125813449025,-0.3713923214985662,,-0.6093144472085428,,96946000.0,91841000.0,4610000.0,,1121702.0,"METABOLIX, INC.",-1.58,59091000.0,0.0,MA,-36005000.0,-38892000.0,1/1/08,2008.0,31/12/08,1555000.0
13.0,23.94204764971024,,-16.562685680332738,-20.092691622103388,23.94204764971024,-234.23582400591576,,-0.3124929934306406,,119004.0,111546000.0,4659000.0,,1121702.0,,-1.27,89202000.0,0.0,MA,-27875000.0,-33816000.0,1/1/07,2007.0,31/12/07,1683000.0
14.0,38.31108351443651,,-3.499346405228758,-3.8178649237472766,38.31108351443651,-0.12588168908116243,,-0.14656714238785268,,127596000.0,123400000.0,3221000.0,,1121702.0,,-2.96,109588000.0,0.0,MA,-16062000.0,-17524000.0,1/1/06,2006.0,31/12/06,4590000.0
15.0,1.2643794147325933,,-2.741819489392305,-2.525710176195613,1.2643794147325933,-1.0409556313993173,,0.16377421710554577,,7325000.0,3759000.0,2973000.0,,1121702.0,,-2.56,-46558000.0,0.0,MA,-7625000.0,-7024000.0,1/1/05,2005.0,31/12/05,2781000.0
,,,,,,,,,,,,,,1121702.0,,,,,MA,,,,,,
0.0,1.4381982041790533,0.843854248869248,-0.22809264582166058,-0.24115994620092965,0.4005620938615041,-0.12656528337151535,0.28788383194942907,-0.25769786491083935,,151470976.0,87867936.0,61095846.0,62777012.0,1477246.0,S&W Seed Co,-0.55,74393193.0,63395256.0,CO,-19170967.0,-20269261.0,30/6/21,2021.0,1/7/20,84049036.0
1.0,1.6806719227100633,0.19805927947481347,-0.24722016348430084,-0.23577822014918462,0.466173770647135,-0.12615334003357223,-0.022858930654976725,-0.24188956382733315,,155955633.0,88403807.0,52600276.0,16109345.0,1477246.0,S&W Seed Co,-0.59,81335977.0,63882938.0,CO,-19674324.0,-18763749.0,30/6/20,2020.0,1/7/19,79582198.0
2.0,2.7012062001080066,0.13271834300397292,-0.08480704565720337,-0.04551240173495483,0.5998005513986897,-0.0635759127796416,0.027099202743259696,-0.09305408380701848,,146364269.0,91645276.0,33927538.0,13271597.0,1477246.0,S&W Seed Co,-0.31,99998212.0,71295520.0,CO,-9305242.0,-4993735.0,30/6/19,2019.0,1/7/18,109722511.0
3.0,1.8841750904331864,0.16491006521924975,-0.07373101969540384,-0.0467124627704453,0.45906501516397086,-0.03429763924663408,0.06354929541723746,-0.057804835117815145,,137767208.0,79881896.0,42396217.0,13480099.0,1477246.0,S&W Seed Co,-0.21,81742124.0,60419276.0,CO,-4725090.0,-2993592.0,30/6/18,2018.0,1/7/17,64085510.0
4.0,1.105456088641672,0.18630366983708624,-0.1568454878425278,-0.031953486230827395,0.49177169396150844,-0.10095655785235985,-0.0035544148277414996,-0.19310229362469863,,117100288.0,56724192.0,51312931.0,11405819.0,1477246.0,S&W Seed Co,-0.67,61221655.0,31489945.0,CO,-11822042.0,-2408456.0,30/6/17,2017.0,1/7/16,75373810.0
5.0,1.3910907641742751,0.26903256370982886,0.0038026949535159074,0.021275754820272746,0.8633821951618258,0.0028756902731022723,0.1464136388032328,0.005389893993404273,,127004985.0,57588509.0,41398096.0,18230035.0,1477246.0,S&W Seed Co,0.02,67761444.0,21846130.0,CO,365227.0,2043414.0,30/6/16,2016.0,1/7/15,96044254.0
6.0,1.3386074758305966,0.4273967696376746,-0.038950495366253134,0.029379512736429896,0.7378722940903968,-0.02585456681415384,0.15536915549125477,-0.06097523103585973,,122343067.0,56869653.0,42484189.0,22171466.0,1477246.0,S&W Seed Co,-0.25,51875605.0,25521747.0,CO,-3163127.0,2385878.0,30/6/15,2015.0,1/7/14,81208903.0
7.0,1.6771780230064566,0.09163282731462478,0.00723993062163294,0.020606635552623362,0.8154324293524529,0.004178032376089117,0.05703775668037534,0.007242658267176054,,89300409.0,55440255.0,33055677.0,4720395.0,1477246.0,S&W Seed Co,0.03,51514235.0,28485584.0,CO,373100.0,1061935.0,30/6/14,2014.0,1/7/13,51533643.0
8.0,1.7121939127097119,0.10819144543098744,-0.06738469159434272,-0.09020956467760226,0.8581248293554726,-0.02939860207875565,0.03388186415376594,-0.05026317664701982,,85583219.0,51767558.0,30234635.0,5415746.0,1477246.0,S&W Seed Co,-0.29,50057063.0,25822467.0,CO,-2516027.0,-3368268.0,30/6/13,2013.0,1/7/12,37338258.0
9.0,9.154378033934353,0.0,0.026494567954447736,0.0437963510038475,5.940536856966168,0.01701189927517831,0.01701189927517831,0.018620315748812545,,22033695.0,17423189.0,1903263.0,0.0,1477246.0,S&W Seed Co,0.06,20130432.0,6116785.0,CO,374835.0,619614.0,30/6/12,2012.0,1/7/11,14147617.0
10.0,19.525167353784976,0.0,-0.30456832977011217,-0.5623697572605636,10.005591624831721,-0.05353526603520253,-0.05353526603520253,-0.055722654114772265,,15157261.0,11617416.0,594997.0,0.0,1477246.0,S&W Seed Co,-0.14,14562264.0,5664119.0,CO,-811448.0,-1498297.0,30/6/11,2011.0,1/7/10,2664256.0
11.0,39.43736550195814,0.0,0.06279936709966906,0.06472952690422588,31.15249063664696,0.024678907056066145,0.024678907056066145,0.025209016775828413,,15579134.0,12919957.0,327607.0,0.0,1477247.0,S&W Seed Co,0.11,15251527.0,2714183.0,CO,384476.0,396293.0,30/6/10,2010.0,1/1/00,6122291.0
0.0,0.0031853474019510252,-0.7148804934464148,56.28787878787879,-97.37878787878788,0.0031853474019510252,0.12102948362925559,0.4230982244665255,-0.2864302235929067,,30695000.0,64000.0,20092000.0,9272000.0,1302946.0,TWO RIVERS WATER & FARMING Co,0.08,-12970000.0,0.0,CO,3715000.0,-6427000.0,31/12/18,2018.0,1/1/18,66000.0
1.0,0.0028252007910562213,-0.9511598266632679,-18.34971098265896,-13.106936416184972,0.0028252007910562213,-0.33282658838330886,0.15619102537219542,0.6473617129747642,,38152000.0,70000.0,24777000.0,18657000.0,1302946.0,TWO RIVERS WATER & FARMING Co,-0.4,-19615000.0,0.0,CO,-12698000.0,-9070000.0,31/12/17,2017.0,1/1/17,692000.0
2.0,0.16811165151194757,-1.7129313195899019,-29.84926470588235,-13.253676470588236,0.16811165151194757,-0.1699709004124186,0.15531643184625368,0.8950501598500716,,47767000.0,3180000.0,18916000.0,15538000.0,1302946.0,TWO RIVERS WATER & FARMING Co,-0.38,-9071000.0,0.0,CO,-8119000.0,-3605000.0,31/12/16,2016.0,1/1/16,272000.0
3.0,0.41619597639144507,0.4722400719701838,-1.089586969168121,-0.6492146596858639,0.41619597639144507,-0.07822255632817557,0.2286955250683873,-0.12035728055519856,,47889000.0,6558000.0,15757000.0,14698000.0,1302946.0,TWO RIVERS WATER & FARMING Co,-0.22,31124000.0,0.0,CO,-3746000.0,-2232000.0,31/12/15,2015.0,1/1/15,3438000.0
4.0,0.500823723228995,0.46593483185223905,-1.9154351395730707,-1.408456486042693,0.500823723228995,-0.1084359749012317,0.20227748082732977,-0.16260672591043737,,43030000.0,2128000.0,4249000.0,13370000.0,1302946.0,TWO RIVERS WATER & FARMING Co,-0.24,28695000.0,0.0,CO,-4666000.0,-3431000.0,31/12/14,2014.0,1/1/14,2436000.0
5.0,0.723663144412424,0.6136310406745257,-2.4151123864179818,-1.483978957436633,0.723663144412424,-0.12109730948155964,0.25586302815212697,-0.1971270200640175,,41702000.0,2260000.0,3123000.0,15720000.0,1302946.0,TWO RIVERS WATER & FARMING Co,-0.2,25618000.0,0.0,CO,-5050000.0,-3103000.0,31/12/13,2013.0,1/1/13,2091000.0
6.0,0.13604824054188006,0.5485023947387233,-13.533953488372093,-7.3386046511627905,0.13604824054188006,-0.3272968595338792,0.017929451993161163,-0.5200157266423618,,44452000.0,1647000.0,12106000.0,15346000.0,1302946.0,TWO RIVERS WATER & FARMING Co,-0.61,27978000.0,0.0,CO,-14549000.0,-7889000.0,31/12/12,2012.0,1/1/12,1075000.0
7.0,0.918825561312608,0.6100198233916021,-58.542857142857144,-63.23809523809524,0.918825561312608,-0.1733600315866659,0.20850019741666195,-0.27694179131375024,,35458000.0,1064000.0,1158000.0,13540000.0,1302946.0,TWO RIVERS WATER & FARMING Co,-0.27,22196000.0,0.0,CO,-6147000.0,-6640000.0,31/12/11,2011.0,1/1/11,105000.0
8.0,1.2114384748700173,0.5218087234893958,-48.295918367346935,-38.81122448979592,1.2114384748700173,-0.3480402970806677,-0.012427384366497537,-0.5411307380094895,,27198000.0,699000.0,577000.0,9128000.0,1302946.0,TWO RIVERS WATER Co,-0.67,17493000.0,0.0,CO,-9466000.0,-7607000.0,31/12/10,2010.0,1/1/10,196000.0
9.0,1.3878357030015798,0.4024987120041216,-281.8181818181818,-197.1818181818182,1.3878357030015798,-0.2766622043730477,0.0022311468094600626,-0.39927872230808864,,11205000.0,1757000.0,1266000.0,3125000.0,1302946.0,Two Rivers Water Company,-0.33,7764000.0,0.0,CO,-3100000.0,-2169000.0,31/12/09,2009.0,1/1/09,11000.0
10.0,1.9122068550811786,0.1809548588526083,0.5712300208478109,-1.291174426685198,1.9122068550811786,0.0879144385026738,0.23668449197860963,0.10693378431117471,,9350000.0,3180000.0,1663000.0,1391000.0,1302946.0,TWO RIVERS WATER & FARMING Co,0.02,7687000.0,0.0,CO,822000.0,-1858000.0,31/12/08,2008.0,1/1/08,1439000.0
11.0,10.360439560439561,0.03189116859946477,2.726303317535545,-1.0781990521327014,10.360439560439561,0.24418974848774275,0.2745410166613605,0.2565789473684211,,9423000.0,4714000.0,455000.0,286000.0,1302946.0,TWO RIVERS WATER Co,0.26,8968000.0,0.0,CO,2301000.0,-910000.0,31/12/07,2007.0,1/1/07,844000.0
0.0,5.770791480293462,0.0005558951046672479,0.0015270717953545883,-0.019469424093782963,3.3470148839584004,0.0016759222046675247,0.0021339533703120957,0.0020340034025124877,,1229174000.0,519931000.0,90097000.0,563000.0,16160.0,"CAL-MAINE FOODS, INC.",0.04,1012781000.0,218375000.0,MS,2060000.0,-26264000.0,29/5/21,2021.0,1/6/20,1348987000.0
1.0,5.604573795649421,0.0008487879763290168,0.01360674573785762,0.0009388809929498842,3.5954519601214816,0.015240814987063828,0.0159510198940245,0.018214772080124793,,1206694000.0,522251000.0,93183000.0,857000.0,16160.0,"CAL-MAINE FOODS, INC.",0.38,1009675000.0,187216000.0,MS,18391000.0,1269000.0,31/5/20,2020.0,2/6/19,1351609000.0
2.0,7.579438503744643,0.002368683510638298,0.039839463762536845,0.03363312048005125,5.280093983205842,0.046899621025393544,0.04892076127021357,0.054964201154644524,,1156278000.0,567753000.0,74907000.0,2337000.0,16160.0,"CAL-MAINE FOODS, INC.",1.12,986624000.0,172237000.0,MS,54229000.0,45781000.0,1/6/19,2019.0,3/6/18,1361188000.0
3.0,5.448172258387581,0.006388114121718224,0.08379088341987528,0.06687395038498083,3.884307943396576,0.10946353895485841,0.11475713353157511,0.13209654968410828,,1150447000.0,587520000.0,107838000.0,6090000.0,16160.0,"CAL-MAINE FOODS, INC.",2.6,953333000.0,168644000.0,MS,125932000.0,100507000.0,2/6/18,2018.0,4/6/17,1502932000.0
4.0,6.744167349526121,0.012981094997312169,-0.06912713015105448,-0.1248435337683211,4.259713353638739,-0.07189858812460434,-0.06131000664024765,-0.08814423386144558,,1033094000.0,436206000.0,64679000.0,10939000.0,16160.0,CAL-MAINE FOODS INC,-1.54,842687000.0,160692000.0,MS,-74278000.0,-134146000.0,3/6/17,2017.0,29/5/18,1074513000.0
5.0,7.504799223496423,0.027936958837507853,0.16558352762423703,0.2472307652005344,5.6498304394195396,0.2842696073360827,0.3072690721510391,0.3452962224468056,,1111765000.0,626283000.0,83451000.0,25570000.0,16160.0,CAL-MAINE FOODS INC,6.56,915275000.0,154799000.0,MS,316041000.0,471877000.0,28/5/18,2016.0,31/5/15,1908650000.0
6.0,5.01215212809958,0.07228908812844319,0.10231021845941446,0.14895173488447638,3.5718196679337444,0.17364289998524746,0.22841039656362494,0.22919592247471446,,928653000.0,508964000.0,101546000.0,50860000.0,16160.0,CAL-MAINE FOODS INC,3.35,703564000.0,146260000.0,MS,161254000.0,234767000.0,30/5/15,2015.0,1/6/14,1576128000.0
7.0,3.6778639317594406,0.10287909227004899,0.07579045698299751,0.10136115654931234,2.471292557452044,0.13454755125600465,0.20981665991097267,0.18390187140155564,,811661000.0,445393000.0,121101000.0,61093000.0,16160.0,CAL-MAINE FOODS INC,2.27,593833000.0,146117000.0,MS,109207000.0,146052000.0,31/5/14,2014.0,2/6/13,1440907000.0
8.0,3.1866123891086446,0.12558621062634723,0.0391451311384795,0.04626412153055964,2.0499097507584776,0.06762496529766224,0.15482674313027828,0.09739208702571987,,745627000.0,414881000.0,130195000.0,65020000.0,16160.0,CAL-MAINE FOODS INC,1.05,517732000.0,147993000.0,MS,50423000.0,59593000.0,1/6/13,2013.0,3/6/12,1288104000.0
9.0,3.1438545102946196,0.15908165927471954,0.08061603642387676,0.07964309200478656,2.3109145717210784,0.12354815259473838,0.22848870188733278,0.18728932950691365,,726316000.0,442202000.0,140656000.0,76220000.0,16160.0,CAL-MAINE FOODS INC,3.76,479125000.0,117158000.0,MS,89735000.0,88652000.0,2/6/12,2012.0,29/5/11,1113116000.0
10.0,3.3032600807577084,0.21045532888046484,0.06458622838464895,0.08862492980219346,2.2796375207011406,0.09493588913353193,0.232506245679519,0.1452330594453171,,640843000.0,355041000.0,107482000.0,88161000.0,16160.0,CAL MAINE FOODS INC,2.55,418906000.0,110021000.0,MS,60839000.0,83483000.0,28/5/11,2011.0,30/5/10,941981000.0
11.0,2.866394290267347,0.357264508324579,0.07451905909291177,0.11273393301931675,2.0698798040246156,0.10743658955398838,0.3207684655400739,0.17992285571790873,,631284000.0,338160000.0,117974000.0,134673000.0,16160.0,CAL MAINE FOODS INC,2.85,376956000.0,93968000.0,MS,67823000.0,102604000.0,29/5/10,2010.0,31/5/09,910143000.0
12.0,2.3309318519375806,0.389746223075052,0.08559320939005956,0.13078427065972448,1.3902551935651872,0.13639990048812292,0.35908174557558187,0.23873228651477887,,582845000.0,241685000.0,103686000.0,129789000.0,16160.0,"CAL-MAINE FOODS, INC.",3.34,333009000.0,97535000.0,MS,79500000.0,121474000.0,30/5/09,2009.0,1/6/08,928812000.0
13.0,2.183371464732512,0.3524013348810215,0.1657981590477095,0.24416145616684082,1.4360025312758604,0.30297305061887014,0.49679392541637074,0.550859692396982,,501236000.0,224265000.0,102715000.0,97150000.0,16160.0,"CAL-MAINE FOODS, INC.",6.41,275680000.0,76766000.0,MS,151861000.0,223637000.0,31/5/08,2008.0,3/6/07,915939000.0
14.0,2.0632804456295046,0.7246226057699099,0.06128454110157023,0.09735374368028248,1.2421394440191136,0.10054640012288517,0.41009633319435607,0.23536814799119038,,364568000.0,156310000.0,75758000.0,112852000.0,16160.0,"CAL-MAINE FOODS, INC.",1.56,155739000.0,62208000.0,MS,36656000.0,58230000.0,2/6/07,2007.0,4/6/06,598128000.0
15.0,1.9371435617620765,0.8675600083489877,-0.002121221639392321,0.009454408392750573,1.0455778538179352,-0.003194394515606178,0.32448173865879576,-0.008457524525151326,,317118000.0,125678000.0,64878000.0,103912000.0,16160.0,"CAL-MAINE FOODS, INC.",-0.04,119775000.0,57843000.0,MS,-1013000.0,4515000.0,3/6/06,2006.0,29/5/05,477555000.0
16.0,2.4051633600030553,0.681088178572894,-0.027601754488815935,-0.03284336976971002,1.53388455002005,-0.038429289069282536,0.2694873374045575,-0.08500266710434533,,269534000.0,125956000.0,52369000.0,82994000.0,16160.0,CAL-MAINE FOODS INC,-0.43,121855000.0,45628000.0,MS,-10358000.0,-12325000.0,28/5/05,2005.0,30/5/04,375266000.0
17.0,2.575673843024241,0.6423215496022545,0.11609016460754354,0.1857701225339882,1.7298355653500592,0.2203283602877049,0.5188802191279318,0.47402703956051795,,301559000.0,151939000.0,58990000.0,90031000.0,16160.0,CAL-MAINE FOODS INC,2.78,140165000.0,49896000.0,MS,66442000.0,106322000.0,29/5/04,2004.0,1/6/03,572331000.0
18.0,1.4831795228974403,1.637951123553,0.03151792950018324,0.06778471179109177,0.5950548493818562,0.05187941816204459,0.5117251223491027,0.184792312930317,,235392000.0,85179000.0,57430000.0,108244000.0,16160.0,CAL-MAINE FOODS INC,1.04,66085000.0,51005000.0,MS,12212000.0,26264000.0,31/5/03,2003.0,2/6/02,387462000.0
19.0,1.2984585675368117,2.1733749540947485,-0.03241857798516729,-0.02430626879765522,0.5034656367460947,-0.046043177998205995,0.46934954322589634,-0.19416085200146896,,229654000.0,75308000.0,57998000.0,118362000.0,16160.0,CAL-MAINE FOODS INC,-0.9,54460000.0,46108000.0,MS,-10574000.0,-7928000.0,1/6/02,2002.0,3/6/01,326171000.0
0.0,0.008484447576180273,-0.0,-8.88469984062334,-9.06288294669736,0.008484447576180273,-2.369057512512985,-2.369057512512985,1.1563240872906735,,635340.0,15340.0,1808014.0,0.0,1575858.0,PureBase Corp,-0.01,-1301674.0,0.0,CA,-1505157.0,-1535343.0,30/11/20,2020.0,1/12/19,169410.0
1.0,0.031137741715217014,-0.0,-8.65753875058713,-3.7299477799574503,0.031137741715217014,-13.553571119608284,-13.553571119608284,4.202366311576875,,231188.0,30416.0,976821.0,0.0,1575858.0,PureBase Corp,-0.02,-745633.0,0.0,CA,-3133423.0,-1349980.0,30/11/19,2019.0,1/12/18,361930.0
2.0,0.004652375249210447,-0.0,-2.0635677020570764,-1.9414172703687427,0.004652375249210447,-5.121265030038086,-5.121265030038086,0.23319057091151074,,227378.0,24290.0,5220989.0,0.0,1575858.0,PureBase Corp,-0.01,-4993611.0,0.0,CA,-1164463.0,-1095534.0,30/11/18,2018.0,1/12/17,564296.0
3.0,0.016905455736900176,-0.0,-3.3619596208835874,-4.419518223417907,0.016905455736900176,-5.695717975694068,-5.695717975694068,0.4041009164893187,,286103.0,73009.0,4318665.0,0.0,1575858.0,PureBase Corp,-0.01,-4032562.0,0.0,CA,-1629562.0,-2142167.0,30/11/17,2017.0,1/12/16,484706.0
4.0,0.17348032261168114,-0.0,-15.200281365183873,-14.376438479502546,0.17348032261168114,-2.850949167354469,-2.850949167354469,0.9688866952878987,,947462.0,652727.0,3762542.0,0.0,1575858.0,PureBase Corp,-0.02,-2787907.0,0.0,CA,-2701166.0,-2554765.0,30/11/16,2016.0,1/12/15,177705.0
5.0,0.07000170748172382,-0.0,-27.213688388762574,-25.245076881575397,0.07000170748172382,-3.4964177670830674,-3.4964177670830674,1.435197257108481,,403938.0,97163.0,1388009.0,0.0,1575858.0,PureBase Corp,-0.01,-984071.0,0.0,CA,-1412336.0,-1310169.0,30/11/15,2015.0,1/12/14,51898.0
,,,,,,,,,,,,,,,,,,,CA,,,,,,
