name,12/31/2020,12/31/2019,12/31/2018,12/31/2017,12/31/2016,12/31/2015,12/31/2014,12/31/2013,12/31/2012,12/31/2011,12/31/2010,12/31/2009,12/31/2008,12/31/2007,12/31/2006,12/31/2005,12/31/2004,12/31/2003,12/31/2002,12/31/2001,12/31/2000,12/31/1999,12/31/1998,12/31/1997,12/31/1996,12/31/1995,12/31/1994,12/31/1993,12/31/1992,12/31/1991,12/31/1990,12/31/1989,12/31/1988,12/31/1987,12/31/1986
TotalRevenue,"458,704,000","468,186,000","454,272,000","355,047,000","312,113,000","289,382,000","298,634,000","381,021,000","366,190,000","304,429,000","229,620,000","209,329,000","237,538,000","216,662,000","193,771,000","189,796,000","150,855,000","124,863,000","100,671,400","87,016,500","77,979,700","69,211,700","67,000,000","67,700,000","48,600,000","55,400,000","45,100,000","45,500,000","38,700,000","29,300,000","22,300,000","19,000,000","17,900,000","18,900,000","15,900,000"
"	OperatingRevenue","458,704,000","468,186,000","454,272,000","355,047,000","312,113,000","289,382,000","298,634,000","381,021,000","366,190,000","304,429,000","229,620,000","209,329,000","237,538,000","216,662,000","193,771,000","189,796,000","150,855,000","124,863,000","100,671,400","87,016,500","77,979,700","69,211,700","67,000,000","67,700,000","48,600,000","55,400,000","45,100,000","45,500,000","38,700,000","29,300,000","22,300,000","19,000,000","17,900,000","18,900,000","15,900,000"
CostOfRevenue,"286,114,000","290,832,000","271,641,000","207,655,000","183,825,000","177,480,000","184,138,000","209,674,000","205,065,000","181,361,000","140,538,000","148,903,000","136,407,000","120,932,000","111,413,000","104,117,000","78,597,000","65,989,000","56,795,800","45,196,400","38,457,200","32,734,100","36,800,000","37,600,000","26,000,000","27,300,000","21,900,000","20,900,000","17,800,000","14,300,000","12,700,000","10,100,000","10,200,000","10,700,000","9,000,000"
GrossProfit,"172,590,000","177,354,000","182,631,000","147,392,000","128,288,000","111,902,000","114,496,000","171,347,000","161,125,000","123,068,000","89,082,000","60,426,000","101,131,000","95,730,000","82,358,000","85,679,000","72,258,000","58,874,000","43,875,600","41,820,100","39,522,500","36,477,600","30,200,000","30,100,000","22,600,000","28,100,000","23,200,000","24,600,000","20,900,000","15,000,000","9,600,000","8,900,000","7,700,000","8,200,000","6,900,000"
OperatingExpense,"154,339,000","151,133,000","143,610,000","120,598,000","107,748,000","100,378,000","107,786,000","115,612,000","101,802,000","83,842,000","69,891,000","66,755,000","64,987,000","59,717,000","53,142,000","53,412,000","47,300,000","42,332,000","31,996,100","31,452,700","30,694,300","29,499,400","26,100,000","25,300,000","19,100,000","22,100,000","19,700,000","20,500,000","17,100,000","13,200,000","9,900,000","6,800,000","6,000,000","5,500,000","4,900,000"
"	SellingGeneralAndAdministration","128,029,000","127,063,000","117,182,000","94,522,000","86,450,000","81,570,000","86,580,000","93,968,000","81,052,000","65,801,000","57,256,000","56,125,000","64,987,000","59,717,000","53,142,000","53,412,000","47,300,000","42,332,000","31,996,100","32,214,600","27,745,100","26,284,600","23,000,000","22,600,000","16,800,000","18,700,000","16,200,000","17,000,000","13,900,000","10,300,000","8,500,000","5,800,000","5,300,000","4,900,000","4,400,000"
"		GeneralAndAdministrativeExpense","48,828,000","46,593,000","42,981,000","37,660,000","32,128,000","28,516,000","27,057,000","33,536,000","29,715,000","42,483,000","34,842,000","34,066,000",,,,,,,,,,,,,,,,,,,,,,,
"			OtherGandA","48,828,000","46,593,000","42,981,000","37,660,000","32,128,000","28,516,000","27,057,000","33,536,000","29,715,000","42,483,000","34,842,000","34,066,000",,,,,,,,,,,,,,,,,,,,,,,
"		SellingAndMarketingExpense","79,201,000","80,470,000","74,201,000","56,862,000","54,322,000","53,054,000","59,523,000","60,432,000","51,337,000","23,318,000","22,414,000","22,059,000",,,,,,,,,,,,,,,,,,,,,,,
"	ResearchAndDevelopment","26,310,000","24,070,000","26,428,000","26,076,000","21,298,000","18,808,000","21,206,000","21,644,000","20,750,000","18,041,000","12,635,000","10,630,000",,,,,,,,,,,,,,,,,,,,,,,
"	DepreciationAmortizationDepletionIncomeStatement",,,,,,,,,,,,,,,,,,,,,"2,949,200","3,214,800","3,100,000","2,700,000","2,300,000","3,400,000","3,500,000","3,500,000","3,200,000","2,900,000","1,400,000","1,000,000","700,000","600,000","500,000"
"		DepreciationAndAmortizationInIncomeStatement",,,,,,,,,,,,,,,,,,,,,"2,949,200","3,214,800","3,100,000","2,700,000","2,300,000","3,400,000","3,500,000","3,500,000","3,200,000","2,900,000","1,400,000","1,000,000","700,000","600,000","500,000"
"	OtherOperatingExpenses","153,622,000",,,,,,,,,,,,,,,,,,,"-761,900",,,,,,,,,,,,,,,
OperatingIncome,"18,251,000","26,221,000","39,021,000","26,794,000","20,540,000","11,524,000","6,710,000","55,735,000","59,323,000","39,226,000","19,191,000","-6,329,000","36,144,000","36,013,000","29,216,000","32,267,000","24,958,000","16,542,000","11,879,500","10,367,400","8,828,200","6,978,200","4,100,000","4,800,000","3,500,000","6,000,000","3,500,000","4,100,000","3,800,000","1,800,000","-300,000","2,100,000","1,700,000","2,700,000","2,000,000"
NetNonOperatingInterestIncomeExpense,"-5,178,000","-7,209,000","-4,024,000","-1,941,000","-1,623,000","-2,562,000","-3,066,000","-1,901,000","-2,466,000","-3,457,000","-3,017,000","-3,209,000",,,,,,,,,,,,,,,,,,,,,,,
"	InterestIncomeNonOperating","89,000","182,000","174,000","41,000","7,000",,"19,000","1,000","1,000","112,000",0,"44,000",,,,,,,,,,,,,,,,,,,,,,,
"	InterestExpenseNonOperating","4,944,000","6,708,000","3,568,000","1,607,000","1,343,000","2,136,000","2,435,000","1,555,000","1,740,000","3,569,000","3,017,000","3,253,000",,,,,,,,,,,,,,,,,,,,,,,
"	TotalOtherFinanceCost","323,000","683,000","630,000","375,000","287,000","426,000","650,000","347,000","727,000",,,,,,,,,,,,,,,,,,,,,,,,,,
OtherIncomeExpense,"5,374,000","-149,000","-1,401,000","-82,000","-37,000","-135,000","-322,000","-167,000","-598,000","-546,000",0,0,0,0,"30,000",0,0,0,0,"761,900",0,"-89,000","1,100,000",,0,0,"-1,100,000",0,"100,000",0,0,"200,000","500,000","400,000","200,000"
"	GainOnSaleOfSecurity",,,"-1,401,000",,,,,,,,,,,,,,,,,,,,,,,,,,,,,,,,
"	EarningsFromEquityInterest","717,000",,,,,,,,,,,,,,,,,,,,,,,,,,,,,,,,,,
"	SecuritiesAmortization",,"149,000","395,000","82,000","37,000","135,000","322,000","167,000","598,000",,,,,,,,,,,,,,,,,,,,,,,,,,
"	SpecialIncomeCharges","4,657,000",,,,,,,0,0,"-546,000",,,,,,,,,,"761,900",,"-89,000","1,100,000",,,,"-1,100,000",,,,,"200,000","500,000","400,000","200,000"
"		RestructuringAndMergernAcquisition","-4,657,000",,,,,,,,,,,,,,,,,,,,,,,,,,,,,,,,,,
"		ImpairmentOfCapitalAssets","-4,657,000",,,,,,,,,,,,,,,,,,,,,,,,,,,,,,,,,,
PretaxIncome,"18,447,000","19,012,000","33,596,000","24,853,000","18,917,000","8,962,000","3,644,000","53,834,000","56,852,000","35,223,000","16,174,000","-9,538,000","32,173,000","30,526,000","26,552,000","30,939,000","23,733,000","16,182,000","11,278,100","9,023,300","7,185,300","5,222,500","3,200,000","3,300,000","2,600,000","5,000,000","1,500,000","3,300,000","3,000,000","500,000","-1,000,000","2,100,000","2,100,000","2,800,000","1,900,000"
TaxProvision,"3,080,000","5,202,000","9,145,000","4,443,000","5,540,000","2,009,000","-451,000","18,916,000","20,026,000","13,155,000","5,190,000","-3,749,000","12,154,000","11,798,000","11,074,000","11,937,000","9,256,000","5,919,000","4,229,300","3,383,700","2,874,100","1,987,000","1,100,000","1,300,000","1,000,000","1,900,000","300,000","1,100,000","1,100,000","200,000","-100,000","800,000","700,000","1,200,000","900,000"
EarningsFromEquityInterestNetOfTax,"-125,000","-209,000","-389,000","-49,000","-353,000","-636,000","-29,000","-986,000",,,,,,,,,,,,,,,,,,,,,,,,,,,
NetIncomeCommonStockholders,"15,242,000","13,601,000","24,195,000","20,274,000","12,788,000","6,591,000","4,841,000","34,449,000","36,867,000","22,068,000","10,984,000","-5,789,000","20,019,000","18,728,000","15,448,000","19,002,000","14,477,000","10,263,000","7,048,800","5,639,600","4,311,200","3,235,500","2,100,000","2,000,000","1,600,000","3,100,000","1,200,000","2,200,000","1,900,000","300,000","-900,000","1,400,000","1,400,000","1,600,000","1,000,000"
"	NetIncome","15,242,000","13,601,000","24,195,000","20,274,000","12,788,000","6,591,000","4,841,000","34,449,000","36,867,000","22,068,000","10,984,000","-5,789,000","20,019,000","18,728,000","15,448,000","19,002,000","14,477,000","10,263,000","7,048,800","5,639,600","4,311,200","3,235,500","2,100,000","2,000,000","1,600,000","3,100,000","1,200,000","2,200,000","1,900,000","300,000","-900,000","1,400,000","1,400,000","1,600,000","1,000,000"
"		NetIncomeIncludingNoncontrollingInterests","15,242,000","13,601,000","24,062,000","20,361,000","13,024,000","6,317,000","4,066,000","33,932,000","36,826,000","22,068,000","10,984,000","-5,789,000","20,019,000","18,728,000","15,448,000","19,002,000","14,477,000","10,263,000","7,048,800","5,639,600","4,311,200","3,235,500","2,100,000","2,000,000","1,600,000","3,100,000","1,200,000","2,200,000","1,900,000","300,000","-900,000","1,400,000","1,400,000","1,600,000","1,000,000"
"			NetIncomeContinuousOperations","15,242,000","13,601,000","24,062,000","20,361,000","13,024,000","6,317,000","4,066,000","33,932,000","36,826,000","22,068,000","10,984,000","-5,789,000","20,019,000","18,728,000","15,448,000","19,002,000","14,477,000","10,263,000","7,048,800","5,639,600","4,311,200","3,235,500","2,100,000","2,000,000","1,600,000","3,100,000","1,200,000","2,200,000","1,900,000","300,000","-900,000","1,300,000","1,400,000","1,600,000","1,000,000"
"			NetIncomeDiscontinuousOperations",,,,,,,,,,,,,,,,,,,,,,,,,,,,,,,,"100,000",,,
"		MinorityInterests",0,0,"133,000","-87,000","-236,000","274,000","775,000","517,000","41,000",,,,,,,,,,,,,,,,,,,,,,,,,,
DilutedNIAvailtoComStockholders,"15,242,000","13,601,000","24,195,000","20,274,000","12,788,000","6,591,000","4,841,000","34,449,000","36,867,000","22,068,000","10,984,000","-5,789,000","20,019,000","18,728,000","15,448,000","19,002,000","14,477,000","10,263,000","7,048,800","5,639,600","4,311,200","3,235,500","2,100,000","2,000,000","1,600,000","3,100,000","1,200,000","2,200,000","1,900,000","300,000","-900,000","1,400,000","1,400,000","1,600,000","1,000,000"
BasicEPS,0.52,0.47,0.83,0.7,0.44,0.23,0.17,1.22,1.32,0.8,0.4,-0.21,0.75,0.71,0.6,0.78,0.604,0.435,0.305,0.247,0.182,0.135,0.088,0.084,0.067,0.127,0.054,0.101,0.085,0.016,-0.039,0.063,0.063,0.074,0.048
DilutedEPS,0.51,0.46,0.81,0.68,0.44,0.23,0.17,1.19,1.28,0.79,0.4,-0.21,0.73,0.68,0.57,0.735,0.566,0.413,0.29,0.238,0.18,0.135,0.088,0.084,0.067,0.127,0.054,0.101,0.085,0.016,-0.039,0.063,0.063,0.074,0.048
BasicAverageShares,"29,450,000","29,030,000","29,326,000","29,100,000","28,859,000","28,673,000","28,436,000","28,301,000","27,914,000","27,559,000","27,385,000","27,120,000","26,638,000","26,307,019","25,933,650","24,343,570","23,950,595","23,496,220","23,120,225","22,946,930","23,671,071","23,961,167","24,224,440","24,274,570","23,936,310","24,648,606","22,303,174","21,706,742","22,330,611","18,443,379","23,202,454","22,377,444","22,377,444","21,673,169","21,031,379"
DilutedAverageShares,"29,993,000","29,656,000","30,048,000","29,703,000","29,394,000","29,237,000","28,912,000","28,899,000","28,756,000","27,875,000","27,652,000","27,120,000","27,469,000","27,436,105","27,186,369","25,758,096","25,555,961","24,837,387","24,244,153","23,655,008","24,063,619","23,961,167","24,224,440","24,274,570","23,936,310","24,648,606","22,303,174","21,706,742","22,330,611","18,443,379","23,202,454","22,377,444","22,377,444","21,673,169","21,031,379"
TotalOperatingIncomeAsReported,"22,908,000","26,221,000","39,021,000","26,794,000","20,540,000","11,524,000","6,710,000","55,735,000","59,323,000","39,226,000","19,191,000","-6,329,000","36,144,000","36,013,000","29,216,000","32,267,000","24,958,000","16,542,000","11,879,500","10,367,400","8,828,200","6,978,200","4,100,000","4,800,000","3,500,000","6,000,000","3,500,000","4,100,000","3,800,000","1,800,000","-300,000","2,100,000","1,700,000","2,700,000","2,000,000"
TotalExpenses,"440,453,000","441,965,000","415,251,000","328,253,000","291,573,000","277,858,000","291,924,000","325,286,000","306,867,000","265,203,000","210,429,000","215,658,000","201,394,000","180,649,000","164,555,000","157,529,000","125,897,000","108,321,000","88,791,900","76,649,100","69,151,500","62,233,500","62,900,000","62,900,000","45,100,000","49,400,000","41,600,000","41,400,000","34,900,000","27,500,000","22,600,000","16,900,000","16,200,000","16,200,000","13,900,000"
NetIncomeFromContinuingAndDiscontinuedOperation,"15,242,000","13,601,000","24,195,000","20,274,000","12,788,000","6,591,000","4,841,000","34,449,000","36,867,000","22,068,000","10,984,000","-5,789,000","20,019,000","18,728,000","15,448,000","19,002,000","14,477,000","10,263,000","7,048,800","5,639,600","4,311,200","3,235,500","2,100,000","2,000,000","1,600,000","3,100,000","1,200,000","2,200,000","1,900,000","300,000","-900,000","1,400,000","1,400,000","1,600,000","1,000,000"
NormalizedIncome,"11,362,719","13,601,000","25,214,928","20,274,000","12,788,000","6,591,000","4,841,000","34,449,000","36,867,000","22,410,081.25","10,984,000","-5,789,000","20,019,000","18,728,000","15,448,000","19,002,000","14,477,000","10,263,000","7,048,800","5,163,409.33","4,311,200","3,290,638.25","1,378,125","2,000,000","1,600,000","3,100,000","2,080,000","2,200,000","1,900,000","300,000","-900,000","1,176,190.48","1,066,666.67","1,360,000","880,000"
InterestIncome,"89,000","182,000","174,000","41,000","7,000",,"19,000","1,000","1,000","112,000",0,"44,000","75,000","214,000","30,000","392,000","85,000","626,000","371,400","18,900","38,600",,,,,,,,,,,,,,
InterestExpense,"4,944,000","6,708,000","3,568,000","1,607,000","1,343,000","2,136,000","2,435,000","1,555,000","1,740,000","3,569,000","3,017,000","3,253,000",,,,,,,,,,,,,,,,,,,,,,,
NetInterestIncome,"-5,178,000","-7,209,000","-4,024,000","-1,941,000","-1,623,000","-2,562,000","-3,066,000","-1,901,000","-2,466,000","-3,457,000","-3,017,000","-3,209,000",,,,,,,,,,,,,,,,,,,,,,,
EBIT,"23,391,000","25,720,000","37,164,000","26,460,000","20,260,000","11,098,000","6,079,000","55,389,000","58,592,000","38,792,000","19,191,000","-6,285,000","36,144,000","36,013,000","29,216,000","32,267,000","24,958,000","16,542,000","11,879,500","10,367,400","8,828,200","6,978,200","4,100,000","4,800,000","3,500,000","6,000,000","3,500,000","4,100,000","3,800,000","1,800,000","-300,000","2,100,000","1,700,000","2,700,000","2,000,000"
EBITDA,,,,,,,,,,,,,,,,,,,,,,,,,,,,,,,,,,,
ReconciledCostOfRevenue,"286,114,000","290,832,000","271,641,000","207,655,000","183,825,000","177,480,000","184,138,000","209,674,000","205,065,000","181,361,000","140,538,000","148,903,000","136,407,000","120,932,000","111,413,000","104,117,000","78,597,000","65,989,000","56,795,800","45,196,400","38,457,200","32,734,100","36,800,000","37,600,000","26,000,000","27,300,000","21,900,000","20,900,000","17,800,000","14,300,000","12,700,000","10,100,000","10,200,000","10,700,000","9,000,000"
ReconciledDepreciation,"19,902,000","18,643,000","18,891,000","16,959,000","16,327,000","16,474,000","16,332,000","14,845,000","13,487,000","13,546,000","14,381,000","13,487,000","11,613,000","10,088,000","6,674,000","7,016,000","5,800,000","4,053,000","2,337,400","2,143,800","2,949,200","3,214,800","3,100,000","2,700,000","2,300,000","3,400,000","3,500,000","3,500,000","3,200,000","2,900,000","1,400,000","1,000,000","700,000","600,000","500,000"
NetIncomeFromContinuingOperationNetMinorityInterest,"15,242,000","13,601,000","24,195,000","20,274,000","12,788,000","6,591,000","4,841,000","34,449,000","36,867,000","22,068,000","10,984,000","-5,789,000","20,019,000","18,728,000","15,448,000","19,002,000","14,477,000","10,263,000","7,048,800","5,639,600","4,311,200","3,235,500","2,100,000","2,000,000","1,600,000","3,100,000","1,200,000","2,200,000","1,900,000","300,000","-900,000","1,300,000","1,400,000","1,600,000","1,000,000"
TotalUnusualItemsExcludingGoodwill,"4,657,000",,"-1,401,000",,,,,0,0,"-546,000",,,,,,,,,,"761,900",,"-89,000","1,100,000",,,,"-1,100,000",,,,,"200,000","500,000","400,000","200,000"
TotalUnusualItems,"4,657,000",,"-1,401,000",,,,,0,0,"-546,000",,,,,,,,,,"761,900",,"-89,000","1,100,000",,,,"-1,100,000",,,,,"200,000","500,000","400,000","200,000"
NormalizedEBITDA,"38,636,000","44,363,000","57,456,000","43,419,000","36,587,000","27,572,000","22,411,000","70,234,000","72,079,000","52,884,000","33,572,000","7,202,000","47,757,000","46,101,000","35,890,000","39,283,000","30,758,000","20,595,000","14,216,900","11,749,300","11,777,400","10,282,000","6,100,000","7,500,000","5,800,000","9,400,000","8,100,000","7,600,000","7,000,000","4,700,000","1,100,000","2,900,000","1,900,000","2,900,000","2,300,000"
TaxRateForCalcs,0.167,0.274,0.272,0.18,0.293,0.224,0.35,0.351,0.352,0.373,0.321,0.393,0.378,0.386,0.4,0.386,0.39,0.366,0.375,0.375,0.4,0.38,0.344,0.394,0.385,0.38,0.2,0.333,0.367,0.4,0.1,0.381,0.333,0.4,0.4
TaxEffectOfUnusualItems,"777,719",0,"-381,072",0,0,0,0,0,0,"-203,918.75",0,0,0,0,0,0,0,0,0,"285,709.33",0,"-33,861.75","378,125",0,0,0,"-220,000",0,0,0,0,"76,190.48","166,666.67","160,000","80,000"
,,,,,,,,,,,,,,,,,,,,,,,,,,,,,,,,,,,
TotalAssets,"680,293,000","670,098,000","593,587,000","535,592,000","429,956,000","443,539,000","473,171,000","447,443,000","399,890,000","339,141,000","281,799,000","254,711,000","286,937,000","248,581,000","262,376,000","183,227,000","122,346,000","106,734,000","75,448,200","68,564,900","66,090,900","55,579,300","58,800,000","55,200,000","48,000,000","39,300,000","40,900,000","36,000,000","32,900,000","31,800,000","29,600,000","21,000,000","14,600,000","11,200,000","9,500,000"
"	CurrentAssets","331,725,000","336,199,000","310,188,000","254,883,000","227,075,000","236,831,000","287,049,000","249,506,000","222,317,000","178,465,000","118,645,000","119,676,000","145,511,000","125,440,000","145,570,000","106,818,000","74,016,000","63,670,000","43,774,400","44,375,000","45,746,500","34,072,700","36,000,000","36,400,000","29,400,000","24,700,000","23,900,000","17,400,000","12,500,000","10,000,000","6,100,000","5,400,000","4,900,000","6,100,000","4,400,000"
"		CashCashEquivalentsAndShortTermInvestments","15,923,000","6,581,000","6,168,000","11,337,000","7,869,000","5,524,000","4,885,000","6,680,000","38,476,000","35,085,000","1,158,000","383,000","1,229,000","3,201,000","1,844,000","1,342,000","457,000","887,000","3,274,600","853,000","361,000","550,200","800,000","700,000","600,000","300,000","300,000","300,000","100,000","100,000","200,000","1,300,000","1,000,000","1,000,000","800,000"
"			CashAndCashEquivalents","15,923,000","6,581,000","6,168,000","11,337,000","7,869,000","5,524,000","4,885,000","6,680,000","38,476,000","35,085,000","1,158,000","383,000","1,229,000","3,201,000","1,844,000","1,342,000","457,000","887,000","3,274,600","853,000","361,000","550,200","800,000","700,000","600,000","300,000","300,000","300,000","100,000","100,000","200,000","1,300,000","1,000,000","1,000,000","800,000"
"				CashFinancial",,,,,,,,"6,680,000","38,476,000","35,085,000","1,158,000","383,000",,,,,,,,,,,,,,,,,,,,,,,
"		Receivables","141,519,000","155,848,000","134,029,000","109,605,000","87,206,000","75,557,000","94,387,000","85,040,000","77,303,000","70,001,000","40,811,000","44,638,000","51,968,000","56,570,000","75,744,000","60,269,000","28,305,000","28,197,000","17,194,200","17,114,600","22,849,700","15,953,000","18,600,000","21,700,000","16,700,000","15,500,000","15,500,000","10,900,000","6,700,000","5,400,000","2,900,000","1,100,000","1,500,000","3,100,000","1,500,000"
"			AccountsReceivable","130,029,000","136,075,000","123,320,000","102,534,000","83,777,000","72,835,000","86,027,000","74,060,000","76,073,000","68,611,000","33,833,000","40,681,000","51,405,000","55,925,000","75,158,000","58,955,000","27,773,000","27,803,000","16,975,000","17,114,600","22,849,700","15,953,000",,,,,,,,,,,,,
"				GrossAccountsReceivable","133,326,000","138,375,000","124,583,000","102,580,000","83,819,000","73,258,000","86,193,000","74,452,000","76,696,000","68,951,000",,,,,,,,,,,,,,,,,,,,,,,,,
"				AllowanceForDoubtfulAccountsReceivable","-3,297,000","-2,300,000","-1,263,000","-46,000","-42,000","-423,000","-166,000","-392,000","-623,000","-340,000",,,,,,,,,,,,,,,,,,,,,,,,,
"			TaxesReceivable","3,046,000","2,824,000",,,,"168,000","5,964,000","10,088,000",0,"203,000","6,715,000","3,575,000",,,,,,,,,,,,,,,,,,,,,,,
"			OtherReceivables","8,444,000","16,949,000","10,709,000","7,071,000","3,429,000","2,554,000","2,396,000","892,000","1,230,000","1,187,000","263,000","382,000","563,000","645,000","586,000","1,314,000","532,000","394,000","219,200",0,0,,,,,,,,,,,,,,
"		Inventory","163,784,000","163,313,000","159,895,000","123,124,000","120,576,000","136,477,000","165,631,000","139,830,000","87,951,000","71,068,000","74,054,000","72,512,000","90,626,000","63,455,000","66,628,000","44,359,000","43,635,000","33,389,000","21,227,700","24,029,800","21,202,800","16,749,900","15,700,000","12,900,000","11,400,000","8,300,000","7,200,000","5,400,000","5,300,000","3,900,000","2,000,000","1,900,000","1,700,000","1,600,000","1,700,000"
"			RawMaterials","14,369,000","11,396,000","12,598,000","15,529,000","16,744,000","16,021,000","22,778,000","12,958,000","13,051,000","10,045,000","6,738,000","6,396,000","6,882,000","6,595,000","8,568,000","4,193,000","4,391,000","3,230,000",,"4,624,900",,,,,,,,,,,,,,,
"			FinishedGoods","149,415,000","151,917,000","147,297,000","107,595,000","103,832,000","120,456,000","142,853,000","126,872,000","74,900,000","61,023,000","67,316,000","66,116,000","83,744,000","56,860,000","58,060,000","40,166,000","39,244,000","30,159,000",,"19,404,900",,,,,,,,,,,,,,,
"			OtherInventories",,,,0,0,0,0,0,0,,0,0,0,0,0,0,0,0,,0,,,,,,,,,,,,,,,
"		PrepaidAssets","10,499,000","10,457,000","10,096,000","10,817,000","11,424,000","11,172,000","13,415,000","11,435,000","13,710,000","2,311,000","2,622,000","2,143,000","1,688,000","2,214,000","1,354,000","848,000","1,479,000","1,057,000","870,300","1,145,900",,,,,,,,,,,,,,,
"		CurrentDeferredAssets",,,,,,"8,101,000","8,731,000","6,521,000","4,877,000",,,,,,,,"140,000","140,000","289,200","1,231,700",,,,,,,,,,,,,,,
"			CurrentDeferredTaxesAssets",,,,,,"8,101,000","8,731,000","6,521,000","4,877,000",,,,,,,,"140,000","140,000","289,200","1,231,700",,,,,,,,,,,,,,,
"		OtherCurrentAssets",,,,"10,817,000",0,0,0,0,0,,0,0,0,0,0,0,0,0,"918,400",0,"1,333,000","819,600","900,000","1,100,000","700,000","600,000","900,000","800,000","400,000","600,000","1,000,000","1,100,000","700,000","400,000","400,000"
"	TotalNonCurrentAssets","348,568,000","333,899,000","283,399,000","280,709,000","202,881,000","206,708,000","186,122,000","197,937,000","177,573,000","160,676,000","163,154,000","135,035,000","141,426,000","123,141,000","116,806,000","76,409,000","48,330,000","43,064,000","31,673,800","24,189,900","20,344,400","21,506,600","22,800,000","18,800,000","18,600,000","14,600,000","17,000,000","18,600,000","20,400,000","21,800,000","23,500,000","15,600,000","9,700,000","5,100,000","5,100,000"
"		NetPPE","77,580,000","67,779,000","49,252,000","49,321,000","50,295,000","47,972,000","50,026,000","52,468,000","45,701,000","39,273,000","40,541,000","39,196,000","41,241,000","36,541,000","36,863,000","34,339,000","26,118,000","21,677,000","19,983,700","13,398,000","9,223,600","10,725,000","12,800,000","13,600,000","12,900,000","13,700,000","15,200,000","16,100,000","16,800,000","17,800,000","19,400,000","12,500,000","7,600,000","4,600,000","4,500,000"
"			GrossPPE","178,481,000","162,614,000","138,451,000","134,435,000","133,569,000","139,591,000","133,241,000","131,419,000","116,159,000","106,458,000","100,197,000","92,193,000","87,871,000","86,209,000","80,360,000","73,090,000","59,904,000","51,421,000","46,971,400","39,184,000","18,236,400","34,270,600","33,900,000","32,100,000","29,200,000","27,800,000","27,200,000","26,100,000","24,800,000","24,300,000","24,000,000","16,000,000","12,000,000","8,400,000","7,800,000"
"				Properties",0,0,0,0,0,0,0,0,0,0,0,0,0,0,0,0,0,0,0,0,,,,,,,,,,,,,,,
"				LandAndImprovements","2,756,000","2,706,000","2,548,000","2,458,000","2,458,000","2,458,000","2,458,000","2,458,000","2,458,000","2,458,000","2,458,000","2,458,000","2,458,000","2,652,000","2,652,000","2,441,000","2,441,000","2,441,000","2,441,400","2,441,400",,,,,,,,,,,,,,,
"				BuildingsAndImprovements","19,786,000","18,640,000","17,555,000","16,678,000","15,515,000","14,726,000","14,380,000","14,167,000","12,537,000","10,172,000","8,131,000","7,368,000","7,330,000","6,791,000","6,699,000","5,202,000","5,105,000","4,903,000","4,791,700","4,776,700",,,,,,,,,,,,,,,
"				MachineryFurnitureEquipment","133,349,000","124,747,000","115,835,000","113,382,000","107,549,000","118,994,000","112,971,000","104,179,000","97,801,000","91,324,000","84,134,000","81,263,000","75,529,000","71,580,000","63,591,000","51,708,000","48,359,000","42,279,000","28,583,700","27,073,400",,,,,,,,,,,,,,,
"				OtherProperties","12,198,000","11,258,000",,0,0,0,0,0,0,,0,0,0,0,0,0,0,0,0,0,,,,,,,,,,,,,,,
"				ConstructionInProgress","10,392,000","5,263,000","2,513,000","1,917,000","8,047,000","3,413,000","3,432,000","10,615,000","3,363,000","2,504,000","5,474,000","1,104,000","2,554,000","5,186,000","7,418,000","13,739,000","3,999,000","1,798,000","11,154,600","4,892,500",,,,,,,,,,,,,,,
"			AccumulatedDepreciation","-100,901,000","-94,835,000","-89,199,000","-85,114,000","-83,274,000","-91,619,000","-83,215,000","-78,951,000","-70,458,000","-67,185,000","-59,656,000","-52,997,000","-46,630,000","-49,668,000","-43,497,000","-38,751,000","-33,786,000","-29,744,000","-26,987,700","-25,786,000","-9,012,800","-23,545,600","-21,100,000","-18,500,000","-16,300,000","-14,100,000","-12,000,000","-10,000,000","-8,000,000","-6,500,000","-4,600,000","-3,500,000","-4,400,000","-3,800,000","-3,300,000"
"		GoodwillAndOtherIntangibleAssets","249,622,000","244,934,000","212,373,000","203,134,000","121,433,000","129,160,000","100,211,000","107,007,000","113,521,000","116,189,000","115,249,000","86,973,000","93,179,000","85,318,000","79,030,000","41,222,000","21,161,000","20,307,000","10,877,900","10,049,500","10,657,100","10,086,400","9,600,000","4,900,000","3,500,000","400,000","500,000",,"100,000","100,000","100,000","100,000","100,000","100,000","100,000"
"			Goodwill","52,108,000","46,557,000","25,790,000","22,184,000",,,,,,,,,,,,,,,,,,,,,,,,,,,,,,,
"			OtherIntangibleAssets","197,514,000","198,377,000","186,583,000","180,950,000","121,433,000","129,160,000","100,211,000","107,007,000","113,521,000","116,189,000","115,249,000","86,973,000","93,179,000","85,318,000","79,030,000","41,222,000","21,161,000","20,307,000","10,877,900","10,049,500","10,657,100","10,086,400","9,600,000","4,900,000","3,500,000","400,000","500,000",,"100,000","100,000","100,000","100,000","100,000","100,000","100,000"
"		NonCurrentDeferredAssets","2,764,000",,,,,,,,,,,,,,,,,,,,,,,,,,,,,,,,,,
"			NonCurrentDeferredTaxesAssets","2,764,000",,,,,,,,,,,,,,,,,,,,,,,,,,,,,,,,,,
"		OtherNonCurrentAssets","18,602,000","21,186,000","21,774,000","28,254,000","31,153,000","29,576,000","35,885,000","38,462,000","18,351,000","5,214,000","7,364,000","8,866,000","7,006,000","1,282,000","913,000","848,000","1,051,000","1,080,000","812,200","742,400","463,700","695,200","400,000","300,000","2,200,000","500,000","1,300,000","2,500,000","3,500,000","3,900,000","4,000,000","3,000,000","2,000,000","400,000","500,000"
TotalLiabilitiesNetMinorityInterest,"319,557,000","325,942,000","264,357,000","230,278,000","147,599,000","175,213,000","212,168,000","189,648,000","174,454,000","152,069,000","115,362,000","101,624,000","130,994,000","108,842,000","141,499,000","100,779,000","58,374,000","56,400,000","35,204,900","34,606,600","36,803,300","29,508,700","35,700,000","33,900,000","28,600,000","21,300,000","25,800,000","22,500,000","21,600,000","22,400,000","20,300,000","10,900,000","7,800,000","7,000,000","5,700,000"
"	CurrentLiabilities","171,324,000","138,638,000","145,528,000","126,202,000","97,074,000","76,282,000","81,245,000","110,499,000","113,670,000","79,025,000","51,186,000","50,879,000","48,630,000","50,296,000","46,337,000","65,150,000","37,741,000","32,046,000","15,911,600","18,997,200","16,623,800","22,786,400","16,100,000","10,600,000","11,500,000","9,000,000","19,300,000","15,200,000","13,100,000","12,600,000","9,000,000","5,300,000","3,600,000","3,700,000","2,600,000"
"		PayablesAndAccruedExpenses","120,878,000","125,395,000","123,876,000","106,233,000","93,200,000","66,825,000","78,919,000","104,510,000","75,157,000","55,956,000","37,191,000","42,351,000","37,592,000","44,342,000","38,978,000","55,214,000","30,947,000","25,092,000","13,963,100","16,699,000","6,913,600","2,946,300","6,400,000","3,800,000","3,000,000","2,800,000","2,900,000","2,100,000","2,300,000","2,900,000","1,400,000",,,,
"			Payables","59,253,000","64,881,000","70,565,000","55,118,000","38,198,000","15,343,000","20,411,000","40,702,000","34,151,000","23,214,000","13,961,000","11,401,000","14,621,000","13,796,000","15,688,000","28,392,000","12,984,000","13,030,000","5,159,100","9,400,300","6,913,600","2,946,300","6,400,000","3,800,000","3,000,000","2,800,000","2,900,000","2,100,000","2,300,000","2,900,000","1,400,000",,,,
"				AccountsPayable","59,253,000","64,881,000","66,535,000","53,748,000","24,358,000","15,343,000","20,411,000","40,702,000","32,838,000","23,214,000","13,961,000","11,401,000","14,621,000","13,796,000","15,688,000","28,392,000","12,984,000","13,030,000","5,159,100","9,400,300","6,913,600","2,946,300","6,400,000","3,800,000","3,000,000","2,800,000","2,900,000","2,100,000","2,300,000","2,900,000","1,400,000",,,,
"				TotalTaxPayable",,0,"4,030,000","1,370,000","13,840,000",,,0,"1,313,000",,,0,,,,,,,,,,,,,,,,,,,,,,,
"					IncomeTaxPayable",,0,"4,030,000","1,370,000","13,840,000",,,0,"1,313,000",,,0,,,,,,,,,,,,,,,,,,,,,,,
"				OtherPayable",,,,"12,061,000","12,072,000","7,111,000","5,962,000",0,0,,0,0,0,0,0,0,0,0,0,0,0,,0,,0,0,0,0,0,0,0,,,,
"			CurrentAccruedExpenses","61,625,000","60,514,000","53,311,000","51,115,000","55,002,000","51,482,000","58,508,000","63,808,000","41,006,000","32,742,000","23,230,000","30,950,000","22,971,000","30,546,000","23,290,000","26,822,000","17,963,000","12,062,000","8,804,000","7,298,700",,,,,,,,,,,,,,,
"		CurrentDebtAndCapitalLeaseObligation","4,188,000","4,904,000",,,0,"55,000","71,000","69,000","16,247,000","14,460,000","8,427,000","8,528,000","7,706,000","4,106,000","4,106,000","8,107,000","5,107,000","6,374,000","1,948,500","701,800","3,575,400","13,122,200","3,100,000","2,700,000","1,200,000","1,300,000","9,200,000","8,800,000","6,900,000","6,200,000","4,400,000","900,000","1,900,000","2,000,000","1,000,000"
"			CurrentDebt",,,,,0,"55,000","71,000","69,000","16,247,000","14,460,000","8,427,000","8,528,000","7,706,000","4,106,000","4,106,000","8,107,000","5,107,000","6,374,000","1,948,500","701,800","3,575,400","13,122,200","3,100,000","2,700,000","1,200,000","1,300,000","9,200,000","8,800,000","6,900,000","6,200,000","4,400,000","900,000","1,900,000","2,000,000","1,000,000"
"				CurrentNotesPayable",,,,,0,,,,,,,,,,,,,,,,,,,,,,,,,,,,,,
"				OtherCurrentBorrowings",,,,,,"55,000","71,000","69,000","16,247,000",,,,,,,,,,,,,,,,,,,,,,,,,,
"			CurrentCapitalLeaseObligation","4,188,000","4,904,000",,,,,,,,,,,,,,,,,,,,,,,,,,,,,,,,,
"		CurrentDeferredLiabilities","43,611,000","6,826,000","20,043,000","14,574,000","3,848,000","8,888,000","898,000","3,788,000","20,427,000","7,571,000","5,568,000",,,,,,,,,,,,,,,,,,,,,,,,
"			CurrentDeferredRevenue","43,611,000","6,826,000","20,043,000","14,574,000","3,848,000","8,888,000","898,000","3,788,000","20,427,000","7,571,000","5,568,000",,,,,,,,,,,,,,,,,,,,,,,,
"		OtherCurrentLiabilities","2,647,000","1,513,000","1,609,000","5,395,000","26,000","514,000","1,357,000","2,132,000","1,839,000","1,038,000",0,0,"3,332,000","1,848,000","3,253,000","1,829,000","1,687,000","580,000",0,"1,596,400","6,134,800","6,717,900","6,600,000","4,100,000","7,300,000","4,900,000","7,200,000","4,300,000","3,900,000","3,500,000","3,200,000","4,400,000","1,700,000","1,700,000","1,600,000"
"	TotalNonCurrentLiabilitiesNetMinorityInterest","148,233,000","187,304,000","118,829,000","104,076,000","50,525,000","98,931,000","130,923,000","79,149,000","60,784,000","73,044,000","64,176,000","50,745,000","82,364,000","58,546,000","95,162,000","35,629,000","20,633,000","24,354,000","19,293,300","15,609,400","20,179,500","6,722,300","19,600,000","23,300,000","17,100,000","12,300,000","6,500,000","7,300,000","8,500,000","9,800,000","11,300,000","5,600,000","4,200,000","3,300,000","3,100,000"
"		LongTermDebtAndCapitalLeaseObligation","115,619,000","155,269,000","96,671,000","77,486,000","40,951,000","68,321,000","99,455,000","51,676,000","36,196,000","51,917,000","53,712,000","45,432,000","76,273,000","56,155,000","93,761,000","34,367,000","19,474,000","22,142,000","17,765,400","14,163,900","18,647,300","5,145,600","16,500,000","18,000,000","11,400,000","9,400,000","3,700,000","4,300,000","5,300,000","6,600,000","7,900,000","3,000,000","2,800,000","2,500,000","2,500,000"
"			LongTermDebt","107,442,000","148,766,000","96,671,000","77,486,000","40,951,000","68,321,000","99,455,000","51,676,000","36,196,000","51,917,000","53,712,000","45,432,000","76,273,000","56,155,000","93,761,000","34,367,000","19,474,000","22,142,000","17,765,400","14,163,900","18,647,300","5,145,600","16,500,000","18,000,000","11,400,000","9,400,000","3,700,000","4,300,000","5,300,000","6,600,000","7,900,000","3,000,000","2,800,000","2,500,000","2,500,000"
"			LongTermCapitalLeaseObligation","8,177,000","6,503,000",,,,,,,,,,,,,,,,,,,,,,,,,,,,,,,,,
"		NonCurrentDeferredLiabilities","23,560,000","19,145,000","15,363,000","16,284,000","6,706,000","27,556,000","28,159,000","23,330,000","19,163,000","15,172,000","10,461,000","5,121,000","6,091,000","2,391,000","1,401,000","1,262,000","1,159,000","2,212,000","1,527,900","1,362,200","1,414,500","1,576,700","2,000,000","2,600,000","2,700,000","2,900,000","2,800,000","3,000,000","3,200,000","3,200,000","3,400,000","2,500,000","1,400,000","900,000",
"			NonCurrentDeferredTaxesLiabilities","23,560,000","19,145,000","15,363,000","16,284,000","6,706,000","27,556,000","28,159,000","23,330,000","19,163,000","15,172,000","10,461,000","5,121,000","6,091,000","2,391,000","1,401,000","1,262,000","1,159,000","2,212,000","1,527,900","1,362,200","1,414,500","1,576,700","2,000,000","2,600,000","2,700,000","2,900,000","2,800,000","3,000,000","3,200,000","3,200,000","3,400,000","2,500,000","1,400,000","900,000",
"		OtherNonCurrentLiabilities","9,054,000","12,890,000","6,795,000","10,306,000","2,868,000","3,054,000","3,309,000","4,143,000","5,425,000","5,955,000","3,000","192,000",,,,,,,,"83,300","117,700",,"1,100,000","2,700,000","3,000,000",,,,,,,"100,000",,"-100,000","600,000"
TotalEquityGrossMinorityInterest,"360,736,000","344,156,000","329,230,000","305,314,000","282,357,000","268,326,000","261,003,000","257,795,000","225,436,000","187,072,000","166,437,000","153,087,000","155,943,000","139,739,000","120,877,000","82,448,000","63,972,000","50,334,000","40,243,300","33,958,300","29,287,600","26,070,600","23,100,000","21,300,000","19,400,000","18,000,000","15,100,000","13,500,000","11,300,000","9,400,000","9,300,000","10,100,000","6,800,000","4,200,000","3,800,000"
"	StockholdersEquity","360,736,000","344,156,000","329,230,000","305,060,000","282,190,000","268,395,000","261,637,000","257,953,000","225,077,000","187,072,000","166,437,000","153,087,000","155,943,000","139,739,000","120,877,000","82,448,000","63,972,000","50,334,000","40,243,300","33,958,300","29,287,600","25,968,900","23,100,000","21,300,000","19,400,000","18,000,000","15,100,000","13,500,000","11,300,000","9,400,000","9,300,000","10,100,000","6,800,000","4,200,000","3,800,000"
"		CapitalStock","3,394,000","3,324,000","3,276,000","3,225,000","3,183,000","3,164,000","3,156,000","3,109,000","3,077,000","2,985,000","2,974,000","2,958,000","2,920,000","2,865,000","2,835,000","1,996,000","993,000","976,000","635,700","416,000","282,700","256,400",,,,,,,,,,,,,
"			PreferredStock",0,0,0,0,0,,0,0,0,0,0,0,,,,,,,,,,,,,,,,,,,,,,,
"			CommonStock","3,394,000","3,324,000","3,276,000","3,225,000","3,183,000","3,164,000","3,156,000","3,109,000","3,077,000","2,985,000","2,974,000","2,958,000","2,920,000","2,865,000","2,835,000","1,996,000","993,000","976,000","635,700","416,000","282,700","256,400",,,,,,,,,,,,,
"			OtherCapitalStock",,,,0,0,0,0,0,0,,0,0,0,0,0,0,0,0,0,0,0,,,,,,,,,,,,,,
"		AdditionalPaidInCapital","96,642,000","90,572,000","83,177,000","75,658,000","71,699,000","68,534,000","66,232,000","60,160,000","54,323,000","45,966,000","43,403,000","41,529,000","38,873,000","36,551,000","34,821,000","10,565,000","10,553,000","9,933,000","9,494,800","9,213,400","5,906,600","3,879,000",,,,,,,,,,,,,
"		RetainedEarnings","288,182,000","274,118,000","262,840,000","238,953,000","220,428,000","208,507,000","202,488,000","202,470,000","174,243,000","143,524,000","123,661,000","113,496,000","120,896,000","103,004,000","86,114,000","72,830,000","55,378,000","42,076,000","32,621,500","26,171,500","24,354,600","22,520,200","19,400,000","17,500,000","15,600,000","16,300,000","13,200,000","12,000,000","9,800,000","7,900,000","7,800,000","8,600,000","5,300,000","4,000,000","2,500,000"
"		TreasuryStock","18,160,000","18,160,000","15,556,000","8,269,000","8,269,000","8,269,000","8,269,000","6,738,000","4,804,000","3,153,000","3,153,000","3,153,000","3,153,000","2,745,000","2,745,000","2,745,000","2,745,000","2,444,000","2,236,400","1,842,600","1,256,300","686,700",,,,,,,,,,,,,
"		GainsLossesNotAffectingRetainedEarnings","-9,322,000","-5,698,000","-4,507,000","-4,507,000","-4,851,000","-3,541,000","-1,970,000","-1,048,000","-1,762,000","-2,250,000","-448,000","-1,743,000","-3,593,000","64,000","-148,000","-198,000","-207,000","-207,000","-272,300",,,,,,,,,,,,,,,,
"			OtherEquityAdjustments",,,"-4,507,000","-4,507,000","-4,851,000","-3,541,000","-1,970,000","-1,048,000","-1,762,000",,,,,,,,,,,,,,,,,,,,,,,,,,
"		OtherEquityInterest",,,,,,,,,,,,,,,,,,,,,,,"3,700,000","3,800,000","3,800,000","1,700,000","1,900,000","1,500,000","1,500,000","1,500,000","1,500,000","1,500,000","1,500,000","200,000","1,300,000"
"	MinorityInterest",,,0,"254,000","167,000","-69,000","-634,000","-158,000","359,000",,,,,,,,,,,,,"101,700",,,,,,,,,,,,,
TotalCapitalization,"468,178,000","492,922,000","425,901,000","382,546,000","323,141,000","336,716,000","361,092,000","309,629,000","261,273,000","238,989,000","220,149,000","198,519,000","232,216,000","195,894,000","214,638,000","116,815,000","83,446,000","72,476,000","58,008,700","48,122,200","47,934,900","31,114,500","39,600,000","39,300,000","30,800,000","27,400,000","18,800,000","17,800,000","16,600,000","16,000,000","17,200,000","13,100,000","9,600,000","6,700,000","6,300,000"
CommonStockEquity,"360,736,000","344,156,000","329,230,000","305,060,000","282,190,000","268,395,000","261,637,000","257,953,000","225,077,000","187,072,000","166,437,000","153,087,000","155,943,000","139,739,000","120,877,000","82,448,000","63,972,000","50,334,000","40,243,300","33,958,300","29,287,600","25,968,900","23,100,000","21,300,000","19,400,000","18,000,000","15,100,000","13,500,000","11,300,000","9,400,000","9,300,000","10,100,000","6,800,000","4,200,000","3,800,000"
CapitalLeaseObligations,"12,365,000","11,407,000",,,,,,,,,,,,,,,,,,,,,,,,,,,,,,,,,
NetTangibleAssets,"111,114,000","99,222,000","116,857,000","101,926,000","160,757,000","139,235,000","161,426,000","150,946,000","111,556,000","70,883,000","51,188,000","66,114,000","62,764,000","54,421,000","41,847,000","41,226,000","42,811,000","30,027,000","29,365,400","23,908,800","18,630,500","15,882,500","13,500,000","16,400,000","15,900,000","17,600,000","14,600,000","13,500,000","11,200,000","9,300,000","9,200,000","10,000,000","6,700,000","4,100,000","3,700,000"
WorkingCapital,"160,401,000","197,561,000","164,660,000","128,681,000","130,001,000","160,549,000","205,804,000","139,007,000","108,647,000","99,440,000","67,459,000","68,797,000","96,881,000","75,144,000","99,233,000","41,668,000","36,275,000","31,624,000","27,862,800","25,377,800","29,122,700","11,286,300","19,900,000","25,800,000","17,900,000","15,700,000","4,600,000","2,200,000","-600,000","-2,600,000","-2,900,000","100,000","1,300,000","2,400,000","1,800,000"
InvestedCapital,"468,178,000","492,922,000","425,901,000","382,546,000","323,141,000","336,771,000","361,163,000","309,698,000","277,520,000","253,449,000","228,576,000","207,047,000","239,922,000","200,000,000","218,744,000","124,922,000","88,553,000","78,850,000","59,957,200","48,824,000","51,510,300","44,236,700","42,700,000","42,000,000","32,000,000","28,700,000","28,000,000","26,600,000","23,500,000","22,200,000","21,600,000","14,000,000","11,500,000","8,700,000","7,300,000"
TangibleBookValue,"111,114,000","99,222,000","116,857,000","101,926,000","160,757,000","139,235,000","161,426,000","150,946,000","111,556,000","70,883,000","51,188,000","66,114,000","62,764,000","54,421,000","41,847,000","41,226,000","42,811,000","30,027,000","29,365,400","23,908,800","18,630,500","15,882,500","13,500,000","16,400,000","15,900,000","17,600,000","14,600,000","13,500,000","11,200,000","9,300,000","9,200,000","10,000,000","6,700,000","4,100,000","3,700,000"
TotalDebt,"119,807,000","160,173,000","96,671,000","77,486,000","40,951,000","68,376,000","99,526,000","51,745,000","52,443,000","66,377,000","62,139,000","53,960,000","83,979,000","60,261,000","97,867,000","42,474,000","24,581,000","28,516,000","19,713,900","14,865,700","22,222,700","18,267,800","19,600,000","20,700,000","12,600,000","10,700,000","12,900,000","13,100,000","12,200,000","12,800,000","12,300,000","3,900,000","4,700,000","4,500,000","3,500,000"
NetDebt,"91,519,000","142,185,000","90,503,000","66,149,000","33,082,000","62,852,000","94,641,000","45,065,000","13,967,000","31,292,000","60,981,000","53,577,000","82,750,000","57,060,000","96,023,000","41,132,000","24,124,000","27,629,000","16,439,300","14,012,700","21,861,700","17,717,600","18,800,000","20,000,000","12,000,000","10,400,000","12,600,000","12,800,000","12,100,000","12,700,000","12,100,000","2,600,000","3,700,000","3,500,000","2,700,000"
ShareIssued,"33,922,433","33,233,614","32,752,827","32,241,866","31,819,695","31,638,225","31,550,477","31,092,782","30,766,730","29,845,047","29,735,928","29,575,562","29,191,206","26,424,033","26,127,526","24,387,199","24,255,646","23,850,087","23,269,392","22,923,005","23,263,871","23,764,973","24,126,987","24,272,180","24,274,570","22,225,773","22,545,453","22,057,941","22,057,941","22,057,941","22,057,941","22,057,941","21,746,253","21,090,912","21,104,625"
OrdinarySharesNumber,"30,861,393","30,172,574","29,849,835","29,791,232","29,369,061","29,187,591","29,099,843","28,712,148","28,456,096","27,584,051","27,474,932","27,314,566","26,930,210","26,424,033","26,127,526","24,387,199","24,255,646","23,850,087","23,269,392","22,923,005","23,263,871","23,764,973","24,126,987","24,272,180","24,274,570","22,225,773","22,545,453","22,057,941","22,057,941","22,057,941","22,057,941","22,057,941","21,746,253","21,090,912","21,104,625"
TreasurySharesNumber,"3,061,040","3,061,040","2,902,992","2,450,634","2,450,634","2,450,634","2,450,634","2,380,634","2,310,634","2,260,996","2,260,996","2,260,996","2,260,996",,,,,,,,,,,,,,,,,,,,,,
,,,,,,,,,,,,,,,,,,,,,,,,,,,,,,,,,,,
ROA,0.03,0.03,0.05,0.04,0.04,0.02,0.02,0.12,0.1,0.06,0.04,-0.03,0.1,0.08,0.07,0.1,0.08,0.07,0.06,0.06,0.05,0.04,0.03,0.03,0.02,0.06,0.02,0.05,0.04,0.01,-0.03,0.06,0.07,0.09,0.05
Operating Margin,0.039788186,0.056005519,0.085897876,0.075466065,0.065809498,0.039822795,0.022468975,0.146278027,0.162000601,0.128851062,0.083577215,-0.030234702,0.152160917,0.166217426,0.150775916,0.170008852,0.165443638,0.132481199,0.11800273,0.119142921,0.113211515,0.100823994,0.06119403,0.070901034,0.072016461,0.108303249,0.077605322,0.09010989,0.098191214,0.061433447,-0.013452915,0.110526316,0.094972067,0.142857143,0.125786164
Net Margin,0.039788186,0.056005519,0.085897876,0.075466065,0.065809498,0.039822795,0.022468975,0.146278027,0.162000601,0.128851062,0.083577215,-0.030234702,0.152160917,0.166217426,0.150775916,0.170008852,0.165443638,0.132481199,0.11800273,0.119142921,0.113211515,0.100823994,0.06119403,0.070901034,0.072016461,0.108303249,0.077605322,0.09010989,0.098191214,0.061433447,-0.013452915,0.110526316,0.094972067,0.142857143,0.125786164
Return On Equity,0.042252506,0.039519869,0.073489658,0.066459057,0.045316985,0.024557089,0.018502735,0.133547584,0.163797278,0.117965275,0.065994941,-0.037815099,0.128373829,0.134021283,0.127799333,0.23047254,0.226302132,0.203897962,0.175154622,0.166074273,0.147202229,0.124591338,0.090909091,0.093896714,0.082474227,0.172222222,0.079470199,0.162962963,0.168141593,0.031914894,-0.096774194,0.138613861,0.205882353,0.380952381,0.263157895
Current Ratio,1.936243609,2.425013344,2.13146611,2.019643112,2.339194841,3.104677381,3.533128193,2.257993285,1.95581068,2.25833597,2.317918962,2.352168871,2.992206457,2.494035311,3.141549949,1.639570223,1.961156302,1.98683143,2.751099827,2.335870549,2.751867804,1.495308605,2.236024845,3.433962264,2.556521739,2.744444444,1.238341969,1.144736842,0.954198473,0.793650794,0.677777778,1.018867925,1.361111111,1.648648649,1.692307692
Quick ratio,0.980253788,1.247031838,1.03274284,1.044032583,1.097090879,1.315565926,1.494467352,0.992551969,1.182070907,1.359025625,0.871156176,0.926983628,1.128624306,1.232404167,1.703649351,0.958695318,0.804986619,0.944922923,1.416997662,1.070957825,1.476419351,0.760225398,1.260869565,2.216981132,1.565217391,1.822222222,0.865284974,0.789473684,0.549618321,0.484126984,0.455555556,0.660377358,0.888888889,1.216216216,1.038461538
ROC,0.041618152,0.037881693,0.063525073,0.056680251,0.044303945,0.025577656,0.010959867,0.116131876,0.136633628,0.095966384,0.057008124,-0.018425744,0.093703654,0.11055991,0.080137512,0.158594467,0.171923933,0.13300733,0.123833126,0.132713932,0.102832249,0.097578713,0.06298829,0.069257143,0.067265625,0.129616725,0.1,0.102808271,0.102357447,0.048648649,-0.0125,0.09285,0.0986,0.186206897,0.164383562
D/E ratio,0.29784108,0.432263276,0.293627555,0.253791179,0.145032707,0.254824355,0.381321287,0.200721504,0.232629216,0.354820604,0.373348474,0.352479309,0.538523691,0.431239668,0.809641206,0.515161071,0.384246233,0.566535543,0.489867879,0.437763374,0.758775045,0.700705009,0.848484848,0.971830986,0.649484536,0.594444444,0.854304636,0.97037037,1.079646018,1.361702128,1.322580645,0.386138614,0.691176471,1.071428571,0.921052632
EPS,0.449319187,0.409254317,0.73871486,0.628809759,0.401889459,0.20832395,0.153436666,1.10794203,1.19827489,0.739419174,0.369384806,-0.195735925,0.685788727,0.708748736,0.591253837,0.779179274,0.596850729,0.430312896,0.302921537,0.246023591,0.185317396,0.136145747,0.087039463,0.082398862,0.065912599,0.139477714,0.05322581,0.099737324,0.086136779,0.013600544,-0.040801632,0.063469206,0.064378907,0.075862059,0.047382979