,name,12/31/2020,12/31/2019,12/31/2018,12/31/2017,12/31/2016,12/31/2015,12/31/2014,12/31/2013,12/31/2012,12/31/2011,12/31/2010,12/31/2009,12/31/2008,12/31/2007,12/31/2006,12/31/2005,12/31/2004,12/31/2003,12/31/2002,12/31/2001,12/31/2000
0,TotalAssets,"187,249,000,000","200,169,000,000","185,830,000,000","162,048,477,313","144,413,901,668","118,842,591,960","31,290,917,013","20,818,474,462","11,669,751,008","9,761,434,778","8,116,204,013","4,156,759,697","2,560,566,316","2,127,996,869.32","1,450,624,661.53","1,036,324,672.98","740,718,059.01","557,302,682.18","97,266,380.41","108,925,000","117,890,000"
1,"	CurrentAssets","58,011,000,000","67,955,000,000","79,394,000,000","59,226,820,149","45,911,441,840","40,600,868,431","17,076,682,924","14,365,719,868","7,643,219,513","6,398,542,515","4,570,908,450","2,306,295,816","1,631,307,004","1,549,864,970.55","1,052,576,337.63","851,662,736.88","670,866,623.69","509,281,639.00","59,518,103.82",,
2,"		CashCashEquivalentsAndShortTermInvestments","42,916,000,000","42,981,000,000","58,283,000,000","46,372,929,797","32,547,543,539","27,451,460,190","11,739,742,386","10,773,435,769","4,830,197,297","4,791,899,980","3,332,213,174","1,614,802,299","1,246,413,272","1,207,324,422.03","843,678,497.73","735,362,467.71","615,875,684.49","472,051,536.86","38,935,725.77",,"88,908,000"
3,"			CashAndCashEquivalents","18,096,000,000","19,923,000,000","21,530,000,000","18,242,991,687","18,434,681,251","19,215,674,674","5,300,887,799","7,138,344,814","3,421,532,962","3,503,428,418","2,153,935,111","1,434,618,382","1,069,827,364","1,065,947,506.71","843,678,497.73","735,362,467.71","615,875,684.49","472,051,536.86","38,935,725.77",,"88,908,000"
4,"				CashFinancial",,,,,,,,,,,"2,153,935,111","1,434,618,382","1,069,827,364",,,,,,,,"88,908,000"
5,"			OtherShortTermInvestments","24,820,000,000","23,058,000,000","36,753,000,000","28,129,938,110","14,112,862,288","8,235,785,516","6,438,854,587","3,635,090,955","1,408,664,335","1,288,471,562","1,178,278,063","180,183,917","176,585,908","141,376,915.32",,,,,,,
6,"		Receivables","8,899,000,000","13,417,000,000","8,861,000,000","5,592,426,752","5,701,604,831","4,405,340,553","1,942,082,292","1,624,169,365","1,304,823,458","794,030,889","624,765,477","422,866,970","277,314,477","273,150,331.41","154,177,924.56","64,068,446.06","35,477,750.24","29,556,513.71","16,582,169.73",,
7,"			AccountsReceivable","4,119,000,000","7,661,000,000","5,668,000,000","4,559,052,701","4,624,818,322","3,150,768,364","1,826,765,949","1,518,230,029","983,804,403","789,036,329","621,548,849","420,579,005","274,302,454","261,058,290.93","136,572,760.25","63,466,154.88","35,418,495.24","28,944,766.71","13,971,056.34",,
8,"				GrossAccountsReceivable","4,678,000,000","7,917,000,000","5,824,000,000","4,688,052,701","4,683,618,322","3,188,968,364","1,841,473,133","1,524,130,029","988,204,403",,,,,,,,,,,,
9,"				AllowanceForDoubtfulAccountsReceivable","-559,000,000","-256,000,000","-156,000,000","-129,000,000","-58,800,000","-38,200,000","-14,707,184","-5,900,000","-4,400,000",,,,,,,,,,,,
10,"			AccruedInterestReceivable",,,,,"81,999,660","71,558,995","39,436,993","55,861,029","36,543,547",,,,,,,,,,,,
11,"			DuefromRelatedPartiesCurrent","1,802,000,000","2,779,000,000","1,642,000,000","373,776,048","787,603,986","961,791,458","10,568,937","21,774,669","5,328,170","4,994,560",,,,,,,,,,,
12,"			OtherReceivables","2,978,000,000","2,977,000,000","1,551,000,000","659,598,003","207,182,863","221,221,736","65,310,413","28,303,638","279,147,338",,"3,216,628","2,287,965","3,012,023","12,092,040.48","17,605,164.31","602,291.17","59,255.00","611,747.01","2,611,113.38",,
13,"		PrepaidAssets","4,219,000,000","8,801,000,000","7,278,000,000","5,000,284,603","5,621,083,507","6,243,904,867","2,306,144,597","1,098,824,212","655,879,881","561,193,151","352,614,489","132,030,199","92,138,483","46,319,349.98","39,917,843.12","26,245,366.09","18,503,784.46","7,132,197.42","3,406,992.83",,
14,"		RestrictedCash","1,319,000,000","1,824,000,000","4,244,000,000","1,748,796,431","1,744,490,307","2,286,882,592","836,394,951","739,543,614","768,228,577","211,636,294","224,179,126","113,150,289","6,600,000","6,609,482.98","6,594,415.93","6,602,702.06",,,,,
15,"		CurrentDeferredAssets",,,,,,,"193,503,366","96,979,500","61,840,526","39,782,201","37,136,184","23,446,059","8,840,772","11,291,966.21","2,913,684.03","2,136,046.26","1,009,404.50","541,391.01","593,215.49",,
16,"			CurrentDeferredTaxesAssets",,,,,,,"193,503,366","96,979,500","61,840,526","39,782,201","37,136,184","23,446,059","8,840,772","11,291,966.21","2,913,684.03","2,136,046.26","1,009,404.50","541,391.01","593,215.49",,
17,"		OtherCurrentAssets","658,000,000","932,000,000","728,000,000","512,382,566","296,719,656","213,280,229","58,815,332","32,767,408","22,249,774",,,,,"5,169,417.95","5,293,972.27","17,247,708.70",,0,,,
18,"	TotalNonCurrentAssets","129,238,000,000","132,214,000,000","106,436,000,000","102,821,657,164","98,502,459,828","78,241,723,529","14,214,234,089","6,452,754,594","4,026,531,495","3,362,892,263","3,545,295,563","1,850,463,881","929,259,312","578,131,898.77","398,048,323.91","184,661,936.10","69,851,435.33","48,021,043.18","37,748,276.59",,
19,"		NetPPE","6,767,000,000","7,342,000,000","5,872,000,000","5,615,500,429","5,591,960,081","5,555,959,499","5,220,626,461","1,412,943,693","1,123,937,191","683,903,870","653,678,980","550,506,595","346,117,083","267,578,659.24","153,560,502.91","53,574,147.45","31,897,665.59","23,283,331.64","18,709,404.50",,
20,"			GrossPPE","9,996,000,000","9,929,000,000","7,996,000,000","7,273,782,513","6,845,719,584","6,328,228,097","5,753,196,791","1,799,069,626","1,443,619,607","928,474,808","842,479,225","690,104,002","434,416,791","319,514,746.43","185,784,467.01","74,417,906.07","48,017,880.93","33,507,658.15","18,709,404.50",,
21,"				Properties",0,0,0,0,0,0,0,0,0,0,0,0,0,0,0,0,0,0,,,
22,"				LandAndImprovements",,"94,000,000","97,000,000","99,761,364","102,544,772","104,528,181","107,468,868","110,659,284","113,460,899",,,,,,,,,,,,
23,"				BuildingsAndImprovements","5,424,000,000","5,423,000,000","5,418,000,000","5,162,445,022","5,148,644,010","5,048,349,531","1,928,090,705","1,050,102,815","892,430,743","535,764,434","509,340,453","147,248,314","147,248,314","154,813,448.48","13,577,389.08","11,731,982.31","13,994,113.24","10,975,841.80",,,
24,"				MachineryFurnitureEquipment","2,013,000,000","3,100,000,000","1,652,000,000","1,326,032,686","1,034,316,197","761,788,714","512,520,535","369,650,809","334,062,597","375,226,385","317,583,367","239,771,886","212,829,174","153,123,337.86","84,963,353.43","52,427,621.64","33,402,409.75","21,906,377.29",,,
25,"				OtherProperties","2,389,000,000","1,207,000,000","771,000,000","637,528,902","536,705,335","377,457,565","246,791,832","135,116,574","107,209,531",,,,,"11,106,928.53","5,318,347.26","5,159,418.62","621,357.94","625,439.07",,,
26,"				ConstructionInProgress","1,000,000","11,000,000","9,000,000","7,554,107","10,056,257","11,231,274","3,014,154,910","199,363,516","81,050,521","1,764,477",0,"293,914,287","66,605,760","471,031.56","81,925,377.25","5,098,883.51",,,,,
27,"				Leases","169,000,000","188,000,000","146,000,000","140,221,796","115,997,785","129,401,013","51,638,809","44,835,912","28,866,215","15,719,512","15,555,405","9,169,515","7,733,543",,,,,,,,
28,"			AccumulatedDepreciation","-3,229,000,000","-2,587,000,000","-2,124,000,000","-1,658,282,084","-1,253,759,503","-772,268,598","-532,570,330","-386,125,933","-319,682,416","-244,570,938","-188,800,245","-139,597,407","-88,299,708","-51,936,087.19","-32,223,964.10","-20,843,758.63","-16,120,215.34","-10,224,326.51",,,
29,"		GoodwillAndOtherIntangibleAssets","72,697,000,000","71,572,000,000","71,843,000,000","70,093,128,577","70,039,500,293","56,800,684,255","2,665,278,947","1,436,661,000","1,254,728,045","1,218,482,858","1,161,529,338","498,710,810","199,698,730","82,717,144.84","84,032,402.10","10,323,116.19","10,738,209.23","11,233,068.76","10,503,227.90",,
30,"			Goodwill","59,353,000,000","58,308,000,000","58,026,000,000","56,246,051,292","56,015,185,590","45,690,440,903","1,892,507,708","972,531,184","822,585,341","798,601,767","758,231,441","322,936,838","63,689,736","14,616,822.23","14,583,508.30","9,519,738.35",,,,,
31,"			OtherIntangibleAssets","13,344,000,000","13,264,000,000","13,817,000,000","13,847,077,285","14,024,314,703","11,110,243,352","772,771,239","464,129,816","432,142,704","419,881,091","403,297,897","175,773,972","136,008,994","68,100,322.61","69,448,893.80","803,377.84","10,738,209.23","11,233,068.76","10,503,227.90",,
32,"		InvestmentsAndAdvances","47,943,000,000","51,278,000,000","26,874,000,000","25,573,785,268","20,532,822,365","13,870,523,498","5,318,756,447","2,857,213,480","1,437,247,949","1,305,145,043","1,730,087,245","801,246,476","383,443,499",,,,,,,,
33,"		NonCurrentAccountsReceivable","25,000,000","25,000,000","229,000,000","218,353,359","599,913,241","543,911,586","510,039,284","8,166,667",,,,,,,,,,,,,
34,"		NonCurrentNoteReceivables",,"21,000,000",0,"19,000,000","215,673,057","578,524,154","192,871,939","178,584,102",,,,,,,,,,,,,
35,"		DuefromRelatedPartiesNonCurrent","25,000,000","25,000,000","229,000,000","218,353,359","599,913,241","543,911,586","510,039,284","8,166,667",,,,,,,,,,,,,
36,"		NonCurrentDeferredAssets","1,395,000,000","976,000,000","850,000,000","461,969,275","375,311,594","405,334,569",,,,,,,,,,,,,,,
37,"			NonCurrentDeferredTaxesAssets","1,395,000,000","976,000,000","850,000,000","461,969,275","375,311,594","405,334,569",,,,,,,,,,,,,,,
38,"		NonCurrentPrepaidAssets","288,000,000","333,000,000","477,000,000","350,851,966","397,966,906","303,689,728","188,893,749","144,224,741","144,714,091",,,,,,,,,,,,
39,"		OtherNonCurrentAssets","123,000,000","667,000,000","291,000,000","489,068,290","749,312,291","183,096,240","117,767,262","414,960,911","65,904,219","155,360,492",,"143,195,191","169,998,765","227,836,094.70","160,455,418.89","120,764,672.47","27,215,560.51","13,504,642.78","8,535,644.18",,
40,TotalLiabilitiesNetMinorityInterest,"85,682,000,000","94,466,000,000","97,097,000,000","75,575,447,910","68,893,149,166","55,157,663,979","20,913,189,425","12,088,388,503","5,084,871,395","2,616,368,945","1,926,281,225","1,170,051,399","629,478,118","674,633,985.25","423,124,631.65","270,424,603.27","138,743,764.20","63,928,443.84","138,072,381.07","121,432,000","103,890,000"
41,"	CurrentLiabilities","58,369,000,000","69,182,000,000","68,784,000,000","42,159,932,401","30,295,026,186","33,666,094,068","12,714,702,781","6,368,008,698","3,910,144,242","2,568,060,253","1,880,898,515","1,158,541,462","626,037,525","673,006,654.49","420,689,191.69","270,424,603.27","138,743,764.20","63,928,443.84","13,095,078.20","12,962,000","9,736,000"
42,"		PayablesAndAccruedExpenses","16,690,000,000","26,991,000,000","22,934,000,000","17,398,107,728","15,018,142,522","14,889,612,123","5,135,937,175","3,141,477,907","2,041,799,845","1,331,684,151","1,285,161,363","881,749,413","438,461,109","324,688,138.34","212,802,406.83","110,121,869.90","30,150,321.97","14,696,630.16","1,001,473.84",,
43,"			Payables","11,559,000,000","20,956,000,000","18,780,000,000","13,825,640,481","12,684,290,323","12,772,259,600","3,885,376,852","2,475,067,697","1,583,870,822","1,169,845,620","1,163,842,062","793,494,417","380,415,047","231,236,295.32","151,280,147.43","72,382,980.40","30,150,321.97","14,696,630.16","1,001,473.84",,
44,"				AccountsPayable","4,506,000,000","12,294,000,000","11,714,000,000","7,459,203,252","7,278,791,082","5,944,501,681","2,304,111,525","1,637,545,824","1,023,672,151","763,256,074","595,283,281","291,045,743","138,657,593","231,236,295.32","151,280,147.43","72,382,980.40","30,150,321.97","14,696,630.16","1,001,473.84",,
45,"				TotalTaxPayable","1,217,000,000","1,449,000,000","1,019,000,000","927,463,089","1,084,241,429","1,641,379,425","339,452,319","315,299,656","216,456,010","220,604,123","161,772,241","142,256,695","54,745,686",,,,,,,,
46,"				DividendsPayable",,,,,,,,,,,,,0,,,,,,,,
47,"				DuetoRelatedPartiesCurrent","241,000,000","400,000,000","492,000,000","418,500,869","837,421,345","3,296,151,348","17,049,103","11,216,780","10,395,726","9,195,558",,,,,,,,,,,
48,"				OtherPayable","5,595,000,000","6,813,000,000","5,555,000,000","5,020,473,271","3,483,836,467","1,890,227,146","1,224,763,905","511,005,437","333,346,935","176,789,865","406,786,540","360,191,979","187,011,768",,0,0,,0,,,
49,"			CurrentAccruedExpenses","5,131,000,000","6,035,000,000","4,154,000,000","3,572,467,247","2,333,852,199","2,117,352,523","1,250,560,323","666,410,210","457,929,023","161,838,531","121,319,301","88,254,996","58,046,062","93,451,843.02","61,522,259.41","37,738,889.50",,,,,
50,"				InterestPayable",,,,"68,413,048","103,016,365","84,604,548","32,931,518","13,838,961",,,,,,,,,,,,,
51,"		CurrentProvisions",,,"367,000,000","367,448,156",,,,,,,,,,,,,,,,,
52,"		PensionandOtherPostRetirementBenefitPlansCurrent",,,,"178,771,740","168,404,481","92,206,022","80,799,443","257,641,763",,"145,524,036",,"130,539,660",,,,,,,,,
53,"		CurrentDebtAndCapitalLeaseObligation","34,074,000,000","30,516,000,000","36,011,000,000","16,316,282,473","6,887,309,589","12,710,213,398","3,560,488,641","774,599,341","453,478,628",,,,"187,576,416",,,,,,,,
54,"			CurrentDebt","33,665,000,000","30,516,000,000","36,011,000,000","16,316,282,473","6,887,309,589","12,710,213,398","3,560,488,641","774,599,341","453,478,628",,,,"187,576,416",,,,,,,,
55,"				LineOfCredit",,0,"608,000,000",,,,,,,,,,,,,,,,,,
56,"				OtherCurrentBorrowings","33,665,000,000","30,516,000,000","36,011,000,000","16,316,282,473","6,887,309,589","12,710,213,398","3,560,488,641",,,,,,,,,,,,,,
57,"			CurrentCapitalLeaseObligation","409,000,000",,,,,,,,,,,,,,,,,,,,
58,"		CurrentDeferredLiabilities","7,605,000,000","11,675,000,000","9,472,000,000","7,899,322,304","8,221,169,594","5,974,062,525","3,937,477,522","2,451,931,450","1,414,865,769","1,090,852,066",,"276,792,049",,,,"160,049.06",,,,,
59,"			CurrentDeferredRevenue","7,605,000,000","11,675,000,000","9,472,000,000","7,899,322,304","8,221,169,594","5,974,062,525","3,937,477,522","2,451,931,450","1,414,865,769","1,090,852,066",,"276,792,049",,,,"160,049.06",,,,,
60,"		OtherCurrentLiabilities","12,593,000,000",,,,,,,0,,,"595,737,152","276,792,049","367,044,095","348,318,516.16","207,886,784.86","160,142,684.31","108,593,442.23","49,231,813.68","12,093,604.36",,
61,"	TotalNonCurrentLiabilitiesNetMinorityInterest","27,313,000,000","25,284,000,000","28,313,000,000","33,415,515,509","38,598,122,980","21,491,569,911","8,198,486,644","5,720,379,805","1,174,727,153","48,308,692","45,382,710","11,509,937","3,440,593","1,627,330.76","2,435,439.96",0,0,0,"124,977,302.87","108,470,000","94,154,000"
62,"		LongTermDebtAndCapitalLeaseObligation","23,336,000,000","20,286,000,000","24,146,000,000","29,220,254,767","34,650,673,553","18,354,608,260","8,065,980,000","5,657,182,650","1,121,418,000",,,,"812,500",,,,,,,,
63,"			LongTermDebt","22,718,000,000","19,537,000,000","24,146,000,000","29,220,254,767","34,650,673,553","18,354,608,260","8,065,980,000","5,657,182,650","1,121,418,000",,,,"812,500",,,,,,,,
64,"			LongTermCapitalLeaseObligation","618,000,000","749,000,000",,,,,,,,,,,,,,,,,,,
65,"		NonCurrentDeferredLiabilities","3,574,000,000","3,592,000,000","3,838,000,000","3,847,440,251","3,607,882,808","3,045,259,390","132,506,644","63,197,155","53,309,153","48,308,692","45,382,710","11,509,937",,,,,,,,,
66,"			NonCurrentDeferredTaxesLiabilities","3,574,000,000","3,592,000,000","3,838,000,000","3,847,440,251","3,607,882,808","3,045,259,390","132,506,644","63,197,155","53,309,153","48,308,692","45,382,710","11,509,937",,,,,,,,,
67,"		PreferredSecuritiesOutsideStockEquity",0,"1,142,000,000",,,,,,,,,,,,,,,,,"124,977,302.87",,
68,"		OtherNonCurrentLiabilities","403,000,000","264,000,000","329,000,000","347,820,491","339,566,619","91,702,261",,0,,,,,"2,628,093","1,627,330.76","2,435,439.96",0,,0,,"108,470,000","94,154,000"
69,TotalEquityGrossMinorityInterest,"101,567,000,000","105,703,000,000","88,733,000,000","86,473,029,403","75,520,752,502","63,684,927,981","10,377,727,588","8,730,085,959","6,584,879,613","7,145,065,833","6,189,922,788","2,986,708,298","1,931,088,198","1,453,362,884.07","1,027,500,029.88","765,900,069.71","601,974,294.82","493,374,238.34","-40,806,000.66","-12,507,000","14,000,000"
70,"	StockholdersEquity","100,354,000,000","103,442,000,000","86,715,000,000","84,693,813,552","71,536,834,710","44,550,729,734","9,529,179,295","8,530,395,531","6,489,632,075","7,042,294,864","6,103,692,771","2,925,047,919","1,931,088,198","1,452,202,450.20","1,026,827,815.20","765,028,309.33","601,371,678.61","492,810,488.05","-41,634,057.01","-12,507,000","14,000,000"
71,"		CapitalStock","6,000,000","6,000,000","5,000,000","5,173,301","4,960,354","4,121,245","3,085,272","3,033,490","2,979,144","2,939,527","2,926,132","2,801,334","2,761,259","2,746,147.59","2,698,605.59","2,653,226.60","2,613,544.41","2,498,925.14","1,146,141.57",,
72,"			PreferredStock",,,,,,,,,,,,,,,,,,,"357,737.23",,
73,"			CommonStock","6,000,000","6,000,000","5,000,000","5,173,301","4,960,354","4,121,245","3,085,272","3,033,490","2,979,144","2,939,527","2,926,132","2,801,334","2,761,259","2,746,147.59","2,698,605.59","2,653,226.60","2,613,544.41","2,498,925.14","788,404.34",,
74,"			OtherCapitalStock",,,,,,,,0,,,,,,,0,0,,0,,,
75,"		AdditionalPaidInCapital","83,960,000,000","83,614,000,000","73,876,000,000","71,341,098,032","65,819,998,701","37,991,678,952","4,828,021,816","4,088,484,766","3,818,256,227","3,465,924,424","3,073,551,037","1,219,815,250","967,687,772","792,473,808.63","626,930,516.91","525,143,504.05","511,367,550.68","498,653,711.29",,,
76,"		RetainedEarnings","19,470,000,000","22,803,000,000","15,943,000,000","8,695,442,393","6,699,580,613","8,198,838,659","5,726,024,997","5,498,934,733","4,515,841,767","3,806,608,747","2,734,858,610","1,707,684,596","1,060,620,258","632,498,232.67","359,541,921.86","203,553,183.34","69,010,557.41","-10,454,152.79","-41,803,815.59",,
77,"		TreasuryStock","2,111,000,000","2,111,000,000","2,111,000,000","2,110,820,623","2,235,574,510","2,372,927,372","1,605,630,913","1,551,141,268","1,891,888,900","158,761,225",,,,,,,,,,,
78,"		GainsLossesNotAffectingRetainedEarnings","-971,000,000","-870,000,000","-998,000,000","6,762,920,449","1,247,869,552","729,018,250","577,678,123","491,083,810","44,443,837","-172,466,277","198,972,084","-77,742,443","-175,929,389","24,484,261.31","37,656,770.85","33,678,395.34","18,380,026.11","2,112,004.41","-976,382.98",,
79,"			ForeignCurrencyTranslationAdjustments",,,,,,,,,,,,,,"-36,473,029.88","-16,085,649.89","-7,642,722.26","1,382,061.98","1,576,010.75","101,207.81",,
80,"			OtherEquityAdjustments","-971,000,000","-870,000,000","-998,000,000","6,762,920,449","1,247,869,552","729,018,250","577,678,123","491,083,810","44,443,837",,,,,"60,957,291.20","53,742,420.74","41,321,117.60","16,997,964.14","535,993.66","-1,077,590.79",,
81,"		OtherEquityInterest",,,,,,,,,,"98,049,668","93,384,908","72,489,182","75,948,298",,,,,,,,
82,"	MinorityInterest","1,213,000,000","2,261,000,000","2,018,000,000","1,779,215,851","3,983,917,792","19,134,198,247","848,548,293","199,690,428","95,247,538","102,770,969","86,230,017","61,660,379","2,628,093","1,160,433.87","672,214.68","871,760.38","602,616.21","563,750.29","828,056.34",0,0
83,TotalCapitalization,"123,072,000,000","122,979,000,000","110,861,000,000","113,914,068,319","106,187,508,263","62,905,337,994","17,595,159,295","14,187,578,181","7,611,050,075","7,042,294,864","6,103,692,771","2,925,047,919","1,931,900,698","1,452,202,450.20","1,026,827,815.20","765,028,309.33","601,371,678.61","492,810,488.05","-41,634,057.01","-12,507,000","14,000,000"
84,PreferredStockEquity,,,,,,,,,,,,,,,,,,,"357,737.23",,
85,CommonStockEquity,"100,354,000,000","103,442,000,000","86,715,000,000","84,693,813,552","71,536,834,710","44,550,729,734","9,529,179,295","8,530,395,531","6,489,632,075","7,042,294,864","6,103,692,771","2,925,047,919","1,931,088,198","1,452,202,450.20","1,026,827,815.20","765,028,309.33","601,371,678.61","492,810,488.05","-41,991,794.23","-12,507,000","14,000,000"
86,CapitalLeaseObligations,"1,027,000,000","749,000,000",,,,,,,,,,,,,,,,,,,
87,NetTangibleAssets,"27,657,000,000","31,870,000,000","14,872,000,000","14,600,684,975","1,497,334,417","-12,249,954,521","6,863,900,348","7,093,734,531","5,234,904,030","5,823,812,006","4,942,163,433","2,426,337,109","1,731,389,468","1,369,485,305.36","942,795,413.10","754,705,193.14","590,633,469.38","481,577,419.29","-52,137,284.91","-12,507,000","14,000,000"
88,WorkingCapital,"-358,000,000","-1,227,000,000","10,610,000,000","17,066,887,748","15,616,415,654","6,934,774,363","4,361,980,143","7,997,711,170","3,733,075,271","3,830,482,262","2,690,009,935","1,147,754,354","1,005,269,479","876,858,316.06","631,887,145.94","581,238,133.61","532,122,859.49","445,353,195.16","46,423,025.62",,
89,InvestedCapital,"156,737,000,000","153,495,000,000","146,872,000,000","130,230,350,792","113,074,817,852","75,615,551,392","21,155,647,936","14,962,177,522","8,064,528,703","7,042,294,864","6,103,692,771","2,925,047,919","2,119,477,114","1,452,202,450.20","1,026,827,815.20","765,028,309.33","601,371,678.61","492,810,488.05","-41,991,794.23","-12,507,000","14,000,000"
90,TangibleBookValue,"27,657,000,000","31,870,000,000","14,872,000,000","14,600,684,975","1,497,334,417","-12,249,954,521","6,863,900,348","7,093,734,531","5,234,904,030","5,823,812,006","4,942,163,433","2,426,337,109","1,731,389,468","1,369,485,305.36","942,795,413.10","754,705,193.14","590,633,469.38","481,577,419.29","-52,495,022.14","-12,507,000","14,000,000"
91,TotalDebt,"57,410,000,000","50,802,000,000","60,157,000,000","45,536,537,240","41,537,983,142","31,064,821,658","11,626,468,641","6,431,781,991","1,574,896,628",,,,"188,388,916",,,,,,,,
92,NetDebt,"38,287,000,000","30,130,000,000","38,627,000,000","27,293,545,553","23,103,301,891","11,849,146,984","6,325,580,842",,,,,,,,,,,,,,
93,ShareIssued,"623,060,104","616,124,200","576,415,576","564,238,344","539,221,768","409,337,824","307,761,952","300,842,704","293,759,520","288,738,440","287,081,304","272,439,552","267,744,184","265,549,544","261,198,024","256,300,872","252,520,320","243,239,128","243,239,152","243,239,152","243,239,152"
94,OrdinarySharesNumber,"599,627,136","592,691,232","552,982,592","540,805,232","513,243,296","380,718,968","281,175,856","270,626,008","258,837,072","286,795,784","287,081,304","272,439,552","267,744,184","265,549,544","261,198,024","256,300,872","252,520,320","243,239,128","243,239,152","243,239,152","243,239,152"
95,TreasurySharesNumber,"23,432,968","23,432,968","23,432,984","23,433,112","25,978,472","28,618,856","26,586,096","30,216,696","34,922,448","1,942,656",,,,,,,,,,,
0,TotalRevenue,"18,316,000,000","35,666,000,000","30,965,000,000","26,779,631,018","19,228,439,814","10,897,568,061","7,346,918,369","5,386,745,542","4,158,791,249","3,498,084,628","2,881,233,497","2,122,561,976","1,588,338,796","1,289,127,635.62","833,321,296.81","521,437,840.21","333,820,248.09","173,176,861.58","100,060,497.30","43,984,000","6,453,000"
1,"	OperatingRevenue","16,396,000,000","33,255,000,000","29,280,000,000","25,462,006,669","19,053,796,453","11,211,725,933","7,580,275,634","5,578,628,409","4,282,203,173","3,726,304,192","2,881,233,497","2,122,561,976","1,588,338,796","1,289,127,635.62","833,321,296.81","521,437,840.21","333,820,248.09","173,176,861.58","100,060,497.30","43,984,000","6,453,000"
2,"	ExciseTaxes","11,000,000","50,000,000","139,000,000","197,354,446","559,646,824","599,378,347","425,638,738","330,271,520","250,401,009","228,219,564",,,,,,,,,,,
3,CostOfRevenue,"4,031,000,000","7,372,000,000","6,324,000,000","4,678,209,103","4,729,750,192","3,043,439,819","2,100,606,413","1,386,767,067","1,037,791,093","805,129,784","625,261,342","450,602,773","326,610,463","236,565,446.15","153,002,357.86","88,663,556.46","48,475,306.66","25,658,548.11","13,674,634.86","7,940,000","1,950,000"
4,GrossProfit,"14,285,000,000","28,294,000,000","24,641,000,000","22,101,421,915","14,498,689,622","7,854,128,242","5,246,311,956","3,999,978,475","3,121,000,156","2,692,954,844","2,255,972,155","1,671,959,203","1,261,728,333","1,052,562,189.47","680,318,938.95","432,774,283.76","285,344,941.43","147,518,313.46","86,385,862.45","36,044,000","4,503,000"
5,OperatingExpense,"15,708,000,000","23,254,000,000","22,036,000,000","19,175,251,371","16,067,168,108","7,473,085,297","5,397,109,100","3,161,536,791","2,466,394,344","1,626,960,674","1,201,846,868","850,037,963","694,187,293","923,777,873.32","371,289,448.22","213,182,220.73","149,674,995.05","89,432,910.74","63,112,975.95","55,696,000","36,243,000"
6,"	SellingGeneralAndAdministration","8,041,000,000","12,584,000,000","12,416,000,000","10,916,018,863","8,379,746,602","4,176,392,361","3,075,760,347","1,915,817,599","1,554,489,622","1,025,475,307","747,993,868","541,586,615","458,386,789","381,806,032.89","265,440,857.53","155,648,861.18","111,222,864.13","68,357,237.53","48,478,025.87","46,980,000","29,055,000"
7,"		GeneralAndAdministrativeExpense","3,636,000,000","3,289,000,000","2,820,000,000","2,621,832,381","2,518,819,170","1,088,402,408","861,550,628","646,404,879","570,487,457","400,875,621","294,701,167","196,297,316","171,693,601",,,,,,,"16,621,000","11,677,000"
8,"			OtherGandA","3,636,000,000","3,289,000,000","2,820,000,000","2,621,832,381","2,518,819,170","1,088,402,408","861,550,628","646,404,879","570,487,457","400,875,621","294,701,167","196,297,316","171,693,601",,,,,,,"16,621,000","11,677,000"
9,"		SellingAndMarketingExpense","4,405,000,000","9,295,000,000","9,596,000,000","8,294,186,482","5,860,927,432","3,087,989,953","2,214,209,719","1,269,412,720","984,002,165","624,599,686","453,292,701","345,289,299","286,693,188",,,,,,,"30,359,000","17,378,000"
10,"	ResearchAndDevelopment","7,667,000,000","10,670,000,000","9,620,000,000","8,259,232,508","7,687,421,506","3,296,692,936","2,321,348,753","1,245,719,192","911,904,722","601,485,367","453,853,000","308,451,348","235,800,504","177,556,719.29","105,848,590.69","57,533,359.55","37,959,225.04","20,687,444.53","13,366,499.88","7,759,000","6,817,000"
11,"	DepreciationAmortizationDepletionIncomeStatement",,,,,,,,,,,,,,,,,"492,897.61","388,228.68","353,283.62",,
12,"		DepreciationAndAmortizationInIncomeStatement",,,,,,,,,,,,,,,,,"492,897.61","388,228.68","353,283.62",,
13,"			Amortization",,,,,,,,,,,,,,,,,"492,897.61","388,228.68","353,283.62",,
14,"				AmortizationOfIntangiblesIncomeStatement",,,,,,,,,,,,,,,,,"492,897.61","388,228.68","353,283.62",,
15,"	OtherOperatingExpenses",,,,,,,,,,,,,,"364,415,121.14",,,8.278,,"915,166.58","957,000","371,000"
16,OperatingIncome,"-1,423,000,000","5,040,000,000","2,605,000,000","2,926,170,544","-1,568,478,486","381,042,945","-150,797,144","838,441,684","654,605,812","1,065,994,170","1,054,125,287","821,921,240","567,541,040","128,784,316.15","309,029,490.73","219,592,063.03","135,669,946.38","58,085,402.72","23,272,886.50","-19,652,000","-31,740,000"
17,NetNonOperatingInterestIncomeExpense,"471,000,000","417,000,000","391,000,000","-298,673,995","-266,752,022","82,190,500","92,515,614","143,024,777","165,799,964","106,002,655","37,585,865","17,392,472","31,100,097",,,,,,,,
18,"	InterestIncomeNonOperating","2,187,000,000","2,094,000,000","1,899,000,000","987,610,015","567,144,610","445,767,036","304,583,544","200,068,533","165,799,964","106,002,655","37,585,865","17,392,472","31,100,097",,,,,,,,
19,"	InterestExpenseNonOperating","1,716,000,000","1,677,000,000","1,508,000,000","1,286,284,010","731,922,838","302,425,829","162,354,675","57,043,756",,,,,,,,,,,,,
20,"	TotalOtherFinanceCost",,,,,"101,973,794","61,150,707","49,713,255",,,,,,,,,,,,,,
21,OtherIncomeExpense,"-273,000,000","3,630,000,000","-1,075,000,000","878,998,137","75,125,507","2,542,130,537","193,719,690","163,122,374","130,287,943","117,623,725","99,125,516","60,801,280","54,944,595","35,347,930.68","11,204,321.32","22,938,428.20","4,469,977.49","5,667,618.84","-298,043.99",,"675,000"
22,"	GainOnSaleOfSecurity","-1,254,000,000","2,274,000,000","-1,876,000,000","1,929,635,767","-219,366,201","12,638,982","-18,423,300","37,131,428","-9,781,057",,,,,,,,,,,,
23,"	EarningsFromEquityInterest",,,,,,,,"592,742",,,,,,,,,,"573,526.79","-397,877.64",,
24,"	SpecialIncomeCharges","186,000,000","594,000,000","186,000,000","-1,366,961,903","-47,734,882","2,294,451,702","67,974,993","-11,946,443","44,432,052","117,623,725","99,125,516","60,801,280","54,944,595","35,347,930.68","11,204,321.32","22,938,428.20","4,469,977.49","5,094,092.05","99,833.65",,
25,"		WriteOff","905,000,000","-398,000,000","61,000,000","1,378,374,290","47,986,882",,"33,000,000",,,,,,,,,,,,,,
26,"		OtherSpecialCharges",,,,,,,,"-137,937,389",,,,,,,,,,,,,
27,"		GainOnSaleOfBusiness","1,091,000,000","196,000,000","247,000,000","11,412,387","252,000","2,294,451,702","100,974,993",0,"44,432,052",,,,,,,,,,,,
28,"		GainOnSaleOfPPE",,,,,,,0,"-11,946,443",,,,,,,,,,,,,
29,"	OtherNonOperatingIncomeExpenses","795,000,000","762,000,000","615,000,000","316,324,273","342,226,590","235,039,853","144,167,997","137,937,389","95,636,948",,,,,,,,,,,,
30,PretaxIncome,"-1,225,000,000","9,087,000,000","1,921,000,000","3,506,494,686","-1,760,105,001","3,005,363,982","135,438,160","1,144,588,835","950,693,719","1,289,620,550","1,190,836,668","765,559,974","547,251,568","456,981,172.07","281,823,701.33","255,196,327.20","145,682,451.58","63,580,124.12","24,239,021.21","-17,603,000","-31,065,000"
31,TaxProvision,"355,000,000","1,742,000,000","793,000,000","1,280,523,340","478,009,033","470,188,423","130,821,156","293,740,322","294,525,956","262,186,225","205,016,961","131,658,085","102,913,404","58,089,316.79","41,242,115.94","30,589,902.14","12,517,125.71","10,251,197.38","10,043,811.02","-2,342,000","-7,088,000"
32,EarningsFromEquityInterestNetOfTax,"-1,689,000,000","-347,000,000","-32,000,000","-65,116,066","601,883,179","-135,780,312","87,005,341","55,554,072","34,343,000","57,525,830","66,171,992","32,869,419",,,,,,,,,
33,NetIncomeCommonStockholders,"-3,247,000,000","7,011,000,000","1,112,000,000","2,142,011,537","-1,430,703,195","2,507,655,884","242,739,781","998,319,684","714,405,864","1,076,414,897","1,048,069,740","658,973,622","444,107,873","398,895,873.08","240,360,401.51","224,337,521.00","133,126,360.62","3,283,337.80","-19,063,573.88","-29,577,000","-26,173,000"
34,"	NetIncome","-3,247,000,000","7,011,000,000","1,112,000,000","2,142,011,537","-1,430,703,195","2,507,655,884","242,739,781","998,319,684","714,405,864","1,076,414,897","1,048,069,740","658,973,622","444,107,873","398,895,873.08","240,360,401.51","224,337,521.00","133,126,360.62","53,822,941.90","14,195,210.19","-15,261,000","-23,977,000"
35,"		NetIncomeIncludingNoncontrollingInterests","-3,269,000,000","6,998,000,000","1,096,000,000","2,160,855,280","-1,636,230,855","2,399,395,247","91,622,345","906,402,585","690,510,763","1,084,960,155","1,051,991,699","666,771,308","444,338,164","398,891,855.28","240,581,585.40","224,606,425.07","133,165,325.87","53,902,453.53","14,124,200.82","-15,261,000","-23,977,000"
36,"			NetIncomeContinuousOperations","-3,269,000,000","6,998,000,000","1,096,000,000","2,160,855,280","-1,636,230,855","2,399,395,247","91,622,345","906,402,585","690,510,763","1,084,960,155","1,051,991,699","666,771,308","444,338,164","398,895,873.08","240,360,401.51","224,337,521.00","133,126,360.62","53,822,941.90","14,195,210.19","-15,261,000","-23,977,000"
37,"		MinorityInterests","22,000,000","13,000,000","16,000,000","-18,843,743","205,527,660","108,260,637","151,117,436","91,917,099","23,895,101","-8,545,258","-3,921,959","-7,797,686","-230,291","4,017.79","-221,183.89","-268,904.07","-38,965.25","-79,511.63","71,009.37",0,0
38,"	PreferredStockDividends",,,,,,,,,,,,,,,,,,"50,539,604.10","33,258,784.07",,0
39,"	OtherunderPreferredStockDividend",,,,,,,,,,,,,,,,,,,,"14,316,000","2,196,000"
40,AverageDilutionEarnings,,"373,000,000",0,"52,229,311",0,"185,589,773",0,"15,496,021","4,617,398",,,,,,,,,,,,
41,DilutedNIAvailtoComStockholders,"-3,247,000,000","7,384,000,000","1,112,000,000","2,194,240,848","-1,430,703,195","2,693,245,657","242,739,781","1,013,815,705","719,023,262","1,076,414,897","1,048,069,740","658,973,622","444,107,873","398,895,873.08","240,360,401.51","224,337,521.00","133,126,360.62","3,283,337.80","-19,063,573.88","-29,577,000","-26,173,000"
42,BasicEPS,,12.348,2.031,4.039,-3.023,8.293,0.885,3.793,2.609,3.74,3.703,2.453,1.665,1.513,0.929,0.883,0.541,0.039,-0.124,-0.408,-0.379
43,DilutedEPS,,11.503,1.959,3.821,-3.023,7.106,0.794,3.329,2.49,3.538,3.486,2.336,1.613,1.459,0.903,0.864,0.529,0.029,-0.124,-0.408,-0.379
44,BasicAverageShares,,"567,871,968","547,227,408","530,406,464","473,332,656","302,381,584","274,313,360","263,244,808","273,894,088","287,816,504","283,083,608","268,738,672","266,822,760","263,419,632","258,743,984","254,099,352","245,699,728","84,847,656","152,331,168","72,581,595","69,103,630"
45,DilutedAverageShares,,"641,952,112","567,396,984","574,207,144","473,332,656","379,001,984","305,662,864","304,558,728","288,726,280","304,247,792","300,616,448","282,002,680","275,396,392","272,971,120","266,145,760","259,529,048","252,037,616","114,844,360","152,331,168","72,581,595","69,103,630"
46,TotalOperatingIncomeAsReported,"-1,423,000,000","5,040,000,000","2,605,000,000","2,926,170,544","-1,568,478,486","381,042,945","-150,797,144","838,441,684","654,605,812","1,065,994,170","1,054,125,287","687,366,222","461,206,876","40,490,568.20","255,000,121.99","219,592,063.03","135,669,946.38","58,085,402.72","23,272,886.50","-19,652,000","-31,740,000"
47,TotalExpenses,"19,739,000,000","30,626,000,000","28,360,000,000","23,853,460,474","20,796,918,300","10,516,525,116","7,497,715,513","4,548,303,858","3,504,185,437","2,432,090,458","1,827,108,210","1,300,640,736","1,020,797,756","1,160,343,319.47","524,291,806.08","301,845,777.19","198,150,301.71","115,091,458.85","76,787,610.81","63,636,000","38,193,000"
48,NetIncomeFromContinuingAndDiscontinuedOperation,"-3,247,000,000","7,011,000,000","1,112,000,000","2,142,011,537","-1,430,703,195","2,507,655,884","242,739,781","998,319,684","714,405,864","1,076,414,897","1,048,069,740","658,973,622","444,107,873","398,895,873.08","240,360,401.51","224,337,521.00","133,126,360.62","53,822,941.90","14,195,210.19","-15,261,000","-23,977,000"
49,NormalizedIncome,"-2,446,000,000","4,687,920,000","2,379,500,000","1,787,527,002.68","-1,230,377,382.75","569,699,709.44","205,576,011.25","979,682,795.10","690,496,677.45","982,704,656.03","966,009,882.62","608,628,714.28","399,495,884.86","368,041,206.60","230,795,721.98","204,148,678.90","129,040,446.34","49,550,184.24","14,135,310.01","-15,261,000","-23,977,000"
50,InterestIncome,"2,187,000,000","2,094,000,000","1,899,000,000","987,610,015","567,144,610","445,767,036","304,583,544","200,068,533","165,799,964","106,002,655","37,585,865","17,392,472","31,100,097",,"15,619,258.02","12,665,835.98",,"400,629.35",,,
51,InterestExpense,"1,716,000,000","1,677,000,000","1,508,000,000","1,286,284,010","731,922,838","302,425,829","162,354,675","57,043,756",,,,,,,,,,,,,
52,NetInterestIncome,"471,000,000","417,000,000","391,000,000","-298,673,995","-266,752,022","82,190,500","92,515,614","143,024,777","165,799,964","106,002,655","37,585,865","17,392,472","31,100,097",,"15,619,258.02","12,665,835.98",,"400,629.35",,,
53,EBIT,"491,000,000","10,764,000,000","3,429,000,000","4,792,778,696","-1,028,182,163","3,307,789,811","297,792,835","1,201,632,591","654,605,812","1,065,994,170","1,054,125,287","821,921,240","567,541,040","128,784,316.15","309,029,490.73","219,592,063.03","135,669,946.38","58,085,402.72","23,272,886.50","-19,652,000","-31,740,000"
54,EBITDA,,,,,,,,,,,,,,,,,,,,,
55,ReconciledCostOfRevenue,"4,031,000,000","7,372,000,000","6,324,000,000","4,678,209,103","4,729,750,192","3,043,439,819","2,100,606,413","1,386,767,067","1,037,791,093","805,129,784","625,261,342","450,602,773","326,610,463","236,565,446.15","153,002,357.86","88,663,556.46","42,194,376.25","20,525,391.47","10,440,869.13","7,940,000","1,950,000"
56,ReconciledDepreciation,"1,566,000,000","1,450,000,000","982,000,000","883,201,662","718,835,720","316,214,010","182,121,001","121,040,782","99,001,189","89,876,523","9,742,475","8,135,635","2,625,968","26,316,543.40","14,202,241.74","8,836,623.37","6,773,828.03","5,521,385.32","3,587,049.35",,
57,NetIncomeFromContinuingOperationNetMinorityInterest,"-3,247,000,000","7,011,000,000","1,112,000,000","2,142,011,537","-1,430,703,195","2,507,655,884","242,739,781","998,319,684","714,405,864","1,076,414,897","1,048,069,740","658,973,622","444,107,873","398,895,873.08","240,360,401.51","224,337,521.00","133,126,360.62","53,822,941.90","14,195,210.19","-15,261,000","-23,977,000"
58,TotalUnusualItemsExcludingGoodwill,"-1,068,000,000","2,868,000,000","-1,690,000,000","562,673,864","-267,101,083","2,307,090,684","49,551,693","25,184,985","34,650,995","117,623,725","99,125,516","60,801,280","54,944,595","35,347,930.68","11,204,321.32","22,938,428.20","4,469,977.49","5,094,092.05","99,833.65",,
59,TotalUnusualItems,"-1,068,000,000","2,868,000,000","-1,690,000,000","562,673,864","-267,101,083","2,307,090,684","49,551,693","25,184,985","34,650,995","117,623,725","99,125,516","60,801,280","54,944,595","35,347,930.68","11,204,321.32","22,938,428.20","4,469,977.49","5,094,092.05","99,833.65",,
60,NormalizedEBITDA,"3,125,000,000","9,346,000,000","6,101,000,000","5,113,306,494","-42,245,360","1,316,913,137","430,362,143","1,297,488,388","718,956,006","1,038,246,968","964,742,246","769,255,595","515,222,413","119,752,928.86","312,027,411.15","205,490,258.19","137,973,796.91","58,512,695.99","26,760,102.20","-19,652,000","-31,740,000"
61,TaxRateForCalcs,0.25,0.19,0.25,0.37,0.25,0.16,0.25,0.26,0.31,0.203,0.172,0.172,0.188,0.127,0.146,0.12,0.086,0.161,0.4,0.133,0.228
62,TaxEffectOfUnusualItems,"-267,000,000","544,920,000","-422,500,000","208,189,329.68","-66,775,270.75","369,134,509.44","12,387,923.25","6,548,096.10","10,741,808.45","23,913,484.03","17,065,658.62","10,456,372.28","10,332,606.86","4,493,264.21","1,639,641.79","2,749,586.10","384,063.21","821,334.40","39,933.46",0,0
,,,,,,,,,,,,,,,,,,,,,,
1,ROA1,-0.017341,0.035025,0.005984,0.013218,-0.009907,0.021101,0.007758,0.047954,0.061219,0.110272,0.129133,0.158531,0.173441,0.187451,0.165694,0.216474,0.179726,0.096578,0.145942,-0.140106,-0.203385
2,ROA2,-0.016762257,0.036326519,0.006393037,0.013978953,-0.010869272,0.033405679,0.009316546,0.061457323,0.066669747,0.120420253,0.17079326,0.196201173,0.189443058,0.222932696,0.193297385,0.252484104,0.205122085,0.164453058,0.137689657,-0.13456782,#REF!
3,ROE,-0.031969,0.066327,0.012532,0.024771,-0.018945,0.039376,0.02339,0.114354,0.108492,0.150652,0.169319,0.220635,0.229978,0.274464,0.233927,0.292907,0.22115,0.109092,-0.347871,1.220197,-1.712643
4,ROC,-0.022968,0.052159,0.008296,0.018327,-0.013326,0.036313,0.014752,0.094895,0.132465,0.310571,0.340996,0.540224,0.384151,0.503355,0.383392,0.427193,0.260334,0.107937,#DIV/0!,#DIV/0!,#DIV/0!
5,OperatingMargin,-0.077692,0.141311,0.084127,0.109269,-0.081571,0.034966,-0.020525,0.155649,0.157403,0.304737,0.365859,0.387231,0.357317,0.0999,0.370841,0.421128,0.406416,0.335411,0.232588,-0.446799,-4.918642
6,NetMargin,-0.177277,0.196574,0.035912,0.079987,-0.074406,0.230112,0.03304,0.185329,0.171782,0.307716,0.363757,0.310461,0.279605,0.309431,0.288437,0.430229,0.398797,0.310798,0.141866,-0.346967,-3.715636
7,CurrentRatio,0.993867,0.982264,1.154251,1.404813,1.515478,1.205987,1.343066,2.25592,1.954715,2.491586,2.430173,1.990689,2.605766,2.302897,2.502028,3.149354,4.835292,7.966433,4.545074,0,0
8,QuickRatio,0.993867,0.982264,1.154251,1.404813,1.515478,1.205987,1.343066,2.25592,1.954715,2.491586,2.430173,1.990689,2.605766,2.302897,2.502028,3.149354,4.835292,7.966433,4.545074,0,0
9,D/Eratio,0.683778,0.607578,0.814297,0.638293,0.631085,0.817674,2.408123,1.573146,0.412465,0,0,0,0.194679,0,0,0,0,0,#DIV/0!,#DIV/0!,#DIV/0!
10,EPS,-5.211375,11.379199,1.929164,3.796289,-2.653274,6.126128,0.788726,3.318411,2.431941,3.727993,3.650777,2.418788,1.658702,1.502152,0.920223,0.87529,0.527191,0.221276,0.058359,-0.062741,-0.098574