name,ttm,12/31/2020,12/31/2019,12/31/2018,12/31/2017,12/31/2016,12/31/2015,12/31/2014,12/31/2013,12/31/2012,12/31/2011,12/31/2010,12/31/2009,12/31/2008,12/31/2007,12/31/2006,12/31/2005,12/31/2004,12/31/2003,12/31/2002,12/31/2001,12/31/2000,12/31/1999,12/31/1998,12/31/1997,12/31/1996,12/31/1995,12/31/1994,12/31/1993,12/31/1992,12/31/1991,12/31/1990,12/31/1989,12/31/1988,12/31/1987,12/31/1986
TotalRevenue,"4,642,100,000","4,642,100,000","4,609,800,000","4,727,800,000","2,878,600,000","3,282,400,000","3,276,500,000","4,037,700,000","3,874,800,000","3,748,300,000","3,377,900,000","3,116,300,000","2,826,200,000","3,115,300,000","2,632,900,000","2,347,000,000","2,150,200,000","2,051,200,000","1,921,400,000","1,852,900,000","1,943,000,000","3,925,500,000","4,110,600,000","4,378,400,000","4,312,600,000","5,080,600,000","4,509,800,000","4,010,800,000","3,753,900,000","3,973,700,000","3,899,400,000","3,722,200,000","3,414,500,000","3,286,900,000","3,139,100,000","3,002,700,000"
"	OperatingRevenue","4,642,100,000","4,642,100,000","4,609,800,000","4,727,800,000","2,878,600,000","3,282,400,000","3,276,500,000","4,037,700,000","3,874,800,000","3,748,300,000","3,377,900,000","3,116,300,000","2,826,200,000","3,115,300,000","2,632,900,000","2,347,000,000","2,150,200,000","2,051,200,000","1,921,400,000","1,852,900,000","1,943,000,000","3,925,500,000","4,110,600,000","4,378,400,000","4,312,600,000","5,080,600,000","4,509,800,000","4,010,800,000","3,753,900,000","3,973,700,000","3,899,400,000","3,722,200,000","3,414,500,000","3,286,900,000","3,139,100,000","3,002,700,000"
CostOfRevenue,"2,590,100,000","2,590,100,000","2,526,200,000","2,640,900,000","1,777,300,000","2,082,600,000","2,201,100,000","2,662,700,000","2,534,400,000","2,407,100,000","2,210,500,000","2,065,600,000","1,943,600,000","2,134,400,000","1,830,100,000","1,636,500,000","1,505,500,000","1,474,200,000","1,400,500,000","1,359,900,000","1,408,700,000","2,683,100,000","2,827,700,000","3,037,400,000","2,952,000,000","3,471,800,000","3,083,200,000","2,712,600,000","2,608,700,000","2,754,800,000","2,718,800,000","2,560,000,000","2,319,700,000","2,234,200,000","2,144,000,000","2,045,000,000"
GrossProfit,"2,052,000,000","2,052,000,000","2,083,600,000","2,086,900,000","1,101,300,000","1,199,800,000","1,075,400,000","1,375,000,000","1,340,400,000","1,341,200,000","1,167,400,000","1,050,700,000","882,600,000","980,900,000","802,800,000","710,500,000","644,700,000","577,000,000","520,900,000","493,000,000","534,300,000","1,242,400,000","1,282,900,000","1,341,000,000","1,360,600,000","1,608,800,000","1,426,600,000","1,298,200,000","1,145,200,000","1,218,900,000","1,180,600,000","1,162,200,000","1,094,800,000","1,052,700,000","995,100,000","957,700,000"
OperatingExpense,"1,042,500,000","1,042,500,000","1,199,700,000","1,164,600,000","776,700,000","707,800,000","903,300,000","793,200,000","639,700,000","650,700,000","547,700,000","511,700,000","415,100,000","430,600,000","409,900,000","381,800,000","364,800,000","348,200,000","324,300,000","306,100,000","666,200,000","865,900,000","908,500,000","977,000,000","1,037,700,000","1,136,300,000","1,066,700,000","983,500,000","1,087,600,000","912,000,000","855,900,000","855,000,000","793,800,000","771,600,000","726,200,000","708,900,000"
"	SellingGeneralAndAdministration","729,700,000","729,700,000","792,900,000","851,200,000","618,600,000","529,500,000","737,900,000","621,200,000","515,800,000","527,100,000","442,500,000","411,200,000","322,300,000","336,800,000","315,300,000","284,900,000","270,400,000","254,800,000","236,900,000","224,100,000","566,400,000","522,500,000","575,400,000","612,700,000","625,300,000","692,700,000","817,800,000","587,700,000","861,000,000","678,900,000","631,000,000","643,800,000","596,000,000","572,300,000","525,700,000","516,800,000"
"	ResearchAndDevelopment","287,900,000","287,900,000","298,100,000","291,500,000","141,500,000","141,500,000","143,700,000","128,300,000","117,700,000","117,800,000","105,200,000","100,500,000","92,800,000","93,800,000","94,600,000","96,900,000","94,400,000","93,400,000","87,400,000","82,000,000","99,800,000","154,500,000","152,400,000","157,700,000","174,000,000","189,400,000",,"166,800,000",,,,,,,,
"	DepreciationAmortizationDepletionIncomeStatement",,,,,,,,,,,,,,"124,200,000",,,,,,,,"188,900,000","180,700,000","206,600,000","238,400,000","254,200,000","248,900,000","229,000,000","226,600,000","233,100,000","224,900,000","211,200,000","197,800,000","199,300,000","200,500,000","192,100,000"
"		DepreciationAndAmortizationInIncomeStatement",,,,,,,,,,,,,,"124,200,000",,,,,,,,"188,900,000","180,700,000","206,600,000","238,400,000","254,200,000","248,900,000","229,000,000","226,600,000","233,100,000","224,900,000","211,200,000","197,800,000","199,300,000","200,500,000","192,100,000"
"	OtherOperatingExpenses","24,900,000","24,900,000","108,700,000","21,900,000","16,600,000","36,800,000","21,700,000","43,700,000","6,200,000","5,800,000",,,,"-124,200,000",,,,,,,,,,,,,,,,,,,,,,
OperatingIncome,"1,009,500,000","1,009,500,000","883,900,000","922,300,000","324,600,000","492,000,000","172,100,000","581,800,000","700,700,000","690,500,000","619,700,000","539,000,000","467,500,000","550,300,000","392,900,000","328,700,000","279,900,000","228,800,000","196,600,000","186,900,000","-131,900,000","376,500,000","374,400,000","364,000,000","322,900,000","472,500,000","359,900,000","314,700,000","57,600,000","306,900,000","324,700,000","307,200,000","301,000,000","281,100,000","268,900,000","248,800,000"
NetNonOperatingInterestIncomeExpense,"-151,200,000","-151,200,000","-158,500,000","-133,100,000","-79,100,000","-82,700,000","-80,100,000","-59,500,000","-42,200,000","-45,300,000","-39,400,000","-39,300,000","-27,000,000","-31,900,000",,,,,,,,,,,,,,,,,,,,,,
"	InterestIncomeNonOperating","100,000","100,000","1,900,000","1,400,000","900,000","600,000","1,300,000","200,000","200,000","100,000","100,000","200,000","200,000","1,000,000",,,,,,,,,,,,,,,,,,,,,,
"	InterestExpenseNonOperating","151,300,000","151,300,000","160,400,000","134,500,000","80,000,000","83,300,000","81,400,000","59,700,000","42,400,000","45,400,000","39,500,000","39,500,000","27,200,000","32,900,000",,,,,,,,,,,,,,,,,,,,,,
"	TotalOtherFinanceCost",,,,,,,,,,,,"39,300,000",,,,,,,,,,,,,,,,,,,,,,,,
OtherIncomeExpense,"-128,500,000","-128,500,000","-70,400,000","-45,500,000","-64,700,000","-70,000,000","-222,500,000","-37,300,000","-42,600,000","-32,600,000","-29,800,000","-149,200,000","-130,500,000","-46,500,000","-162,700,000","-74,500,000","-21,000,000","-15,500,000","-63,500,000","-25,400,000","-280,400,000","-56,600,000","11,700,000","12,000,000","-255,400,000","10,100,000","33,400,000","67,000,000","56,200,000","71,400,000","59,000,000","62,800,000","86,200,000","105,500,000","156,000,000","104,800,000"
"	GainOnSaleOfSecurity",,,,,,"-4,200,000","-10,700,000",,,,,,,,,,,,,,,,,,,,,,,,,,,,,
"	EarningsFromEquityInterest",0,0,0,"100,000","100,000","500,000","-200,000","-900,000","-900,000","-300,000","2,600,000","2,700,000","2,300,000","3,100,000","2,500,000","2,300,000","70,600,000","-2,100,000","-68,600,000","4,700,000",,,,,,,,,,,,,,,,
"	SpecialIncomeCharges","-108,200,000","-108,200,000","-62,300,000","-39,200,000","-58,400,000","-53,400,000","-191,100,000","-40,900,000","-9,600,000","-28,300,000","-32,400,000","-151,900,000","-132,800,000","-49,600,000","-165,200,000","-76,800,000","-91,600,000","-13,400,000","5,100,000","-30,100,000","-280,400,000","-56,600,000","11,700,000","12,000,000","-255,400,000","10,100,000","33,400,000","67,000,000","56,200,000","71,400,000","59,000,000","62,800,000","86,200,000","105,500,000","156,000,000","104,800,000"
"		RestructuringAndMergernAcquisition","108,200,000","108,200,000","62,200,000","126,400,000","16,300,000","53,400,000","217,700,000","40,900,000","9,600,000","28,300,000","32,400,000","151,900,000","132,800,000","49,600,000","162,900,000","74,800,000","40,400,000","3,500,000","-5,100,000","30,100,000","280,400,000",,,,,,,,,,,,,,,
"		ImpairmentOfCapitalAssets",0,,0,0,"42,100,000",,,,,,,,,,,,,,,,,,,,,,,,,,,,,,,
"		OtherSpecialCharges",,,,"2,600,000","6,400,000","12,900,000","20,500,000","-4,500,000","32,100,000","4,000,000",,,,,"2,300,000","2,000,000","51,200,000","9,900,000",,,,,,,,,,,,,,,,,,
"		GainOnSaleOfBusiness",0,0,"-100,000","87,200,000",0,0,"26,600,000",,,,,,,,,,,,,,,,,,,,,,,,,,,,,
"	OtherNonOperatingIncomeExpenses","-20,300,000","-20,300,000","-8,100,000","-6,400,000","-6,400,000","-12,900,000","-20,500,000","4,500,000","-32,100,000","-4,000,000",,,,,,,,,,,,,,,,,,,,,,,,,,
PretaxIncome,"729,800,000","729,800,000","655,000,000","743,700,000","180,800,000","339,300,000","-130,500,000","485,000,000","615,900,000","612,600,000","550,500,000","350,500,000","310,000,000","454,900,000","185,700,000","213,500,000","193,300,000","131,100,000","38,000,000","86,500,000","-472,900,000","222,600,000","274,300,000","249,500,000","-59,700,000","322,600,000","246,900,000","252,300,000","37,800,000","279,600,000","255,900,000","211,400,000","218,300,000","189,500,000","201,400,000","192,600,000"
TaxProvision,"150,900,000","150,900,000","111,500,000","88,800,000","264,100,000","93,900,000","47,400,000","73,500,000","148,600,000","146,700,000","136,500,000","132,000,000","53,000,000","125,400,000","29,000,000","68,700,000","82,300,000","-44,500,000","-1,800,000","17,400,000","-166,600,000","45,300,000","58,300,000","64,200,000","-35,200,000","104,500,000","31,300,000","78,900,000","-3,200,000","87,000,000","82,800,000","56,100,000","61,600,000","60,300,000","10,200,000","40,100,000"
NetIncomeCommonStockholders,"550,100,000","550,100,000","475,900,000","499,200,000","535,800,000","208,400,000","489,000,000","306,600,000","292,300,000","414,200,000","365,900,000","172,500,000","228,500,000","304,600,000","132,400,000","132,000,000","116,600,000","160,200,000","26,500,000","65,800,000","-337,700,000","110,600,000","212,600,000","106,500,000","162,400,000","210,700,000","215,600,000","173,400,000","36,300,000","-75,700,000","173,100,000","155,300,000","156,700,000","129,200,000","191,200,000","152,500,000"
"	NetIncome","551,500,000","551,500,000","477,400,000","502,100,000","535,800,000","209,100,000","489,000,000","307,500,000","293,900,000","416,200,000","365,900,000","172,500,000","228,500,000","304,600,000","132,400,000","132,000,000","116,600,000","160,200,000","26,500,000","65,800,000","-337,700,000","110,600,000","212,600,000","106,500,000","162,400,000","210,700,000","215,600,000","173,400,000","36,300,000","-75,700,000","173,100,000","155,300,000","156,700,000","129,200,000","191,200,000","152,500,000"
"		NetIncomeIncludingNoncontrollingInterests","550,600,000","550,600,000","480,200,000","511,500,000","538,400,000","211,700,000","498,500,000","322,100,000","308,000,000","435,700,000","382,200,000","184,900,000","228,500,000","321,600,000","142,000,000","139,800,000","124,100,000","164,000,000","29,400,000","69,200,000","-335,400,000","115,200,000","217,700,000","112,700,000","171,300,000","267,600,000","274,700,000","234,800,000","38,800,000","-72,100,000","176,100,000","163,400,000","163,600,000","129,200,000","191,200,000","152,500,000"
"			NetIncomeContinuousOperations","578,900,000","578,900,000","543,500,000","654,900,000","-83,300,000","245,400,000","-177,900,000","411,500,000","467,300,000","465,900,000","414,000,000","218,500,000","257,000,000","329,500,000","156,700,000","144,800,000","111,000,000","175,600,000","39,800,000","69,100,000","-306,300,000","177,300,000","216,000,000","185,300,000","-24,500,000","218,100,000","215,600,000","173,400,000","41,000,000","192,600,000","173,100,000","155,300,000","156,700,000","129,200,000","191,200,000","152,500,000"
"			NetIncomeDiscontinuousOperations","-28,300,000","-28,300,000","-63,300,000","-143,400,000","621,700,000","-33,700,000","676,400,000","-89,400,000","-159,300,000","-30,200,000","-31,800,000","-33,600,000","-18,200,000","-24,900,000","-24,300,000","-12,800,000","6,100,000","-15,400,000","-13,300,000","-3,300,000","-30,500,000","-66,700,000","-3,400,000","-42,700,000","191,400,000","-7,400,000",,,,"-73,200,000",,,,,,
"			NetIncomeExtraordinary",,,,,,,,,,,,,,,,,"-500,000",,,,"-900,000",,,"-36,100,000","-4,500,000",,,,,"-183,700,000",,,,,,
"			NetIncomeFromTaxLossCarryforward",,,,,,,,,,,,,"-10,300,000",,,,,,,,,,,,,,,,"-4,700,000","-11,400,000",,,,,,
"		MinorityInterests","900,000","900,000","-2,800,000","-9,400,000","-2,600,000","-2,600,000","-9,500,000","-14,600,000","-14,100,000","-19,500,000","-16,300,000","-12,400,000","-10,300,000","-17,000,000","-9,600,000","-7,800,000","-7,500,000","-3,800,000","-2,900,000","-3,400,000","-2,300,000","-4,600,000","-5,100,000","-6,200,000","-8,900,000","-56,900,000","-59,100,000","-61,400,000","-2,500,000","-3,600,000","-3,000,000","-8,100,000","-6,900,000",,,
"	OtherunderPreferredStockDividend","1,400,000","1,400,000","1,500,000","2,900,000",0,"700,000",0,"900,000","1,600,000","2,000,000",,,,,,,,,,,,,,,,,,,,,,,,,,
DilutedNIAvailtoComStockholders,"550,100,000","550,100,000","475,900,000","499,200,000","535,800,000","208,400,000","489,000,000","306,600,000","292,300,000","414,200,000","365,900,000","172,500,000","228,500,000","304,600,000","132,400,000","132,000,000","116,600,000","160,200,000","26,500,000","65,800,000","-337,700,000","110,600,000","212,600,000","106,500,000","162,400,000","210,700,000","215,600,000","173,400,000","36,300,000","-75,700,000","173,100,000","155,300,000","156,700,000","129,200,000","191,200,000","152,500,000"
BasicEPS,,,3.64,3.72,3.99,1.56,3.66,2.3,2.16,3.01,2.565,1.19,1.575,2.065,0.88,0.863,0.775,1.108,0.188,0.49,-2.715,0.908,1.688,0.783,1.103,1.385,1.43,1.165,0.126,-0.265,0.618,0.559,0.57,0.473,0.568,0.205
DilutedEPS,,,3.62,3.69,3.99,1.56,3.66,2.29,2.16,3,2.55,1.18,1.56,2.01,0.855,0.835,0.743,1.07,0.188,0.48,-2.715,0.875,1.643,0.763,1.103,1.385,1.43,1.163,0.126,-0.265,0.596,0.538,0.544,0.45,0.565,0.203
BasicAverageShares,,,"130,800,000","134,400,000","134,300,000","133,900,000","133,700,000","133,300,000","135,200,000","137,700,000","142,000,000","144,400,000","144,400,000","147,600,000","150,454,545","153,043,478","150,451,613","144,650,113","141,333,333","134,285,714","124,383,057","121,873,278","125,985,185","136,102,236","147,301,587","152,129,964","150,769,231","148,841,202","144,724,000","143,492,000","141,080,000","139,052,000","137,996,000","137,020,000","180,696,000","180,144,000"
DilutedAverageShares,,,"132,000,000","135,900,000","134,300,000","134,500,000","133,700,000","134,300,000","136,100,000","138,800,000","143,400,000","146,200,000","146,600,000","151,600,000","154,853,801","158,083,832","157,037,037","149,719,626","141,333,333","137,083,333","124,383,057","126,400,000","129,436,834","139,672,131","147,301,587","152,129,964","150,769,231","149,161,290","144,724,000","143,492,000","141,080,000","139,052,000","137,996,000","137,020,000","180,696,000","180,144,000"
TotalExpenses,"3,632,600,000","3,632,600,000","3,725,900,000","3,805,500,000","2,554,000,000","2,790,400,000","3,104,400,000","3,455,900,000","3,174,100,000","3,057,800,000","2,758,200,000","2,577,300,000","2,358,700,000","2,565,000,000","2,240,000,000","2,018,300,000","1,870,300,000","1,822,400,000","1,724,800,000","1,666,000,000","2,074,900,000","3,549,000,000","3,736,200,000","4,014,400,000","3,989,700,000","4,608,100,000","4,149,900,000","3,696,100,000","3,696,300,000","3,666,800,000","3,574,700,000","3,415,000,000","3,113,500,000","3,005,800,000","2,870,200,000","2,753,900,000"
NetIncomeFromContinuingAndDiscontinuedOperation,"551,500,000","551,500,000","477,400,000","502,100,000","535,800,000","209,100,000","489,000,000","307,500,000","293,900,000","416,200,000","365,900,000","172,500,000","238,800,000","304,600,000","132,400,000","132,000,000","117,100,000","160,200,000","26,500,000","65,800,000","-336,800,000","110,600,000","212,600,000","142,600,000","166,900,000","210,700,000","215,600,000","173,400,000","41,000,000","119,400,000","173,100,000","155,300,000","156,700,000","129,200,000","191,200,000","152,500,000"
NormalizedIncome,"665,602,600","665,602,600","592,409,000","680,035,200","-50,860,000","284,444,800","-58,853,400","431,583,200","460,486,400","467,936,300","422,066,212.53","300,793,723.25","367,095,483.87","365,427,016.93","296,101,400.11","196,887,306.79","165,960,000","183,640,000","36,740,000","93,145,202.31","-124,683,336.86","222,381,671.16","206,786,729.86","176,387,775.55","128,740,000","211,271,698.70","186,434,183.88","127,352,437.57","7,280,000","143,416,738.20","133,190,269.64","109,165,468.31","94,823,957.86","57,270,712.40","43,100,695.13","69,519,730.01"
InterestIncome,"100,000","100,000","1,900,000","1,400,000","900,000","600,000","1,300,000","200,000","200,000","100,000","100,000","200,000","200,000","1,000,000",,,,,,,,,,,,,,,,,,,,,,
InterestExpense,"151,300,000","151,300,000","160,400,000","134,500,000","80,000,000","83,300,000","81,400,000","59,700,000","42,400,000","45,400,000","39,500,000","39,500,000","27,200,000","32,900,000",,,,,,,,,,,,,,,,,,,,,,
NetInterestIncome,"-151,200,000","-151,200,000","-158,500,000","-133,100,000","-79,100,000","-82,700,000","-80,100,000","-59,500,000","-42,200,000","-45,300,000","-39,400,000","-39,300,000","-27,000,000","-31,900,000",,,,,,,,,,,,,,,,,,,,,,
EBIT,"881,100,000","881,100,000","815,400,000","878,200,000","260,800,000","422,600,000","-49,100,000","544,700,000","658,300,000","658,000,000","590,000,000","390,000,000","337,200,000","487,800,000","392,900,000","328,700,000","279,900,000","228,800,000","196,600,000","186,900,000","-131,900,000","376,500,000","374,400,000","364,000,000","322,900,000","472,500,000","359,900,000","314,700,000","57,600,000","306,900,000","324,700,000","307,200,000","301,000,000","281,100,000","268,900,000","248,800,000"
EBITDA,"1,043,800,000",,,,,,,,,,,,,,,,,,,,,,,,,,,,,,,,,,,
ReconciledCostOfRevenue,"2,590,100,000","2,590,100,000","2,526,200,000","2,640,900,000","1,777,300,000","2,082,600,000","2,201,100,000","2,662,700,000","2,534,400,000","2,407,100,000","2,210,500,000","2,065,600,000","1,943,600,000","2,134,400,000","1,830,100,000","1,636,500,000","1,505,500,000","1,474,200,000","1,400,500,000","1,359,900,000","1,408,700,000","2,683,100,000","2,827,700,000","3,037,400,000","2,952,000,000","3,471,800,000","3,083,200,000","2,712,600,000","2,608,700,000","2,754,800,000","2,718,800,000","2,560,000,000","2,319,700,000","2,234,200,000","2,144,000,000","2,045,000,000"
ReconciledDepreciation,"162,700,000","162,700,000","150,100,000","168,200,000","113,000,000","137,100,000","115,700,000","131,200,000","127,200,000","137,800,000","126,600,000","133,600,000","127,200,000","124,200,000","133,700,000","131,800,000","136,300,000","134,300,000","124,600,000","118,800,000","131,600,000","188,900,000","180,700,000","206,600,000","238,400,000","254,200,000","248,900,000","229,000,000","226,600,000","233,100,000","224,900,000","211,200,000","197,800,000","199,300,000","200,500,000","192,100,000"
NetIncomeFromContinuingOperationNetMinorityInterest,"579,800,000","579,800,000","540,700,000","645,500,000","-85,900,000","242,800,000","-187,400,000","396,900,000","453,200,000","446,400,000","397,700,000","206,100,000","257,000,000","329,500,000","156,700,000","144,800,000","111,000,000","175,600,000","39,800,000","69,100,000","-306,300,000","177,300,000","216,000,000","185,300,000","-24,500,000","218,100,000","215,600,000","173,400,000","41,000,000","192,600,000","173,100,000","155,300,000","156,700,000","129,200,000","191,200,000","152,500,000"
TotalUnusualItemsExcludingGoodwill,"-108,200,000","-108,200,000","-62,300,000","-39,200,000","-58,400,000","-57,600,000","-201,800,000","-40,900,000","-9,600,000","-28,300,000","-32,400,000","-151,900,000","-132,800,000","-49,600,000","-165,200,000","-76,800,000","-91,600,000","-13,400,000","5,100,000","-30,100,000","-280,400,000","-56,600,000","11,700,000","12,000,000","-255,400,000","10,100,000","33,400,000","67,000,000","56,200,000","71,400,000","59,000,000","62,800,000","86,200,000","105,500,000","156,000,000","104,800,000"
TotalUnusualItems,"-108,200,000","-108,200,000","-62,300,000","-39,200,000","-58,400,000","-57,600,000","-201,800,000","-40,900,000","-9,600,000","-28,300,000","-32,400,000","-151,900,000","-132,800,000","-49,600,000","-165,200,000","-76,800,000","-91,600,000","-13,400,000","5,100,000","-30,100,000","-280,400,000","-56,600,000","11,700,000","12,000,000","-255,400,000","10,100,000","33,400,000","67,000,000","56,200,000","71,400,000","59,000,000","62,800,000","86,200,000","105,500,000","156,000,000","104,800,000"
NormalizedEBITDA,"1,152,000,000","1,152,000,000","1,027,800,000","1,085,600,000","432,200,000","617,300,000","268,400,000","716,800,000","795,100,000","824,100,000","749,000,000","675,500,000","597,200,000","661,600,000","691,800,000","537,300,000","507,800,000","376,500,000","316,100,000","335,800,000","280,100,000","622,000,000","543,400,000","558,600,000","816,700,000","716,600,000","575,400,000","476,700,000","228,000,000","468,600,000","490,600,000","455,600,000","412,600,000","374,900,000","313,400,000","336,100,000"
TaxRateForCalcs,0.207,0.207,0.17,0.119,0.4,0.277,0.363,0.152,0.241,0.239,0.248,0.377,0.171,0.276,0.156,0.322,0.4,0.4,0.4,0.201,0.352,0.204,0.213,0.257,0.4,0.324,0.127,0.313,0.4,0.311,0.324,0.265,0.282,0.318,0.051,0.208
TaxEffectOfUnusualItems,"-22,397,400","-22,397,400","-10,591,000","-4,664,800","-23,360,000","-15,955,200","-73,253,400","-6,216,800","-2,313,600","-6,763,700","-8,033,787.47","-57,206,276.75","-22,704,516.13","-13,672,983.07","-25,798,599.89","-24,712,693.21","-36,640,000","-5,360,000","2,040,000","-6,054,797.69","-98,783,336.86","-11,518,328.84","2,486,729.86","3,087,775.55","-102,160,000","3,271,698.70","4,234,183.88","20,952,437.57","22,480,000","22,216,738.20","19,090,269.64","16,665,468.31","24,323,957.86","33,570,712.40","7,900,695.13","21,819,730.01"
,,,,,,,,,,,,,,,,,,,,,,,,,,,,,,,,,,,,
ROA,,0.054140815,0.048355566,0.050339372,0.058199277,0.034059258,0.077301254,0.057578878,0.056139211,0.095155353,0.097742754,0.051959396,0.072858874,0.101740205,0.048437843,0.048263254,0.042554745,0.053787268,0.00936793,0.022910864,-0.136323268,0.029525615,0.053205866,0.025561636,0.039483601,0.042226141,0.050126712,0.051738028,0.012903914,-0.026781292,0.061478903,0.0524804,0.055587088,0.047002328,0.073677315,0.056780103
