,name,12/31/2020,12/31/2019,12/31/2018,12/31/2017,12/31/2016,12/31/2015,12/31/2014,12/31/2013,12/31/2012,12/31/2011,12/31/2010,12/31/2009,12/31/2008,12/31/2007,12/31/2006,12/31/2005,12/31/2004,12/31/2003,12/31/2002,12/31/2001,12/31/2000,12/31/1999,12/31/1998,12/31/1997,12/31/1996,12/31/1995,12/31/1994,12/31/1993,12/31/1992,12/31/1991,12/31/1990,12/31/1989,12/31/1988,12/31/1987,12/31/1986,12/31/1985
0,TotalAssets,"4,263,937,000","8,284,498,000","9,264,923,000","10,794,659,000","11,440,117,000","12,891,984,000","13,286,822,000","16,217,957,000","14,607,774,000","13,495,159,000","11,221,321,000","8,396,896,000","7,102,331,000","5,876,006,000","4,585,914,000","4,346,367,000","3,307,973,000","3,189,633,000","3,065,714,000","2,750,740,000","2,595,531,000","2,432,300,000","2,178,600,000","1,505,800,000","1,367,400,000","741,400,000","739,900,000","499,700,000","310,100,000","377,000,000","271,400,000","176,600,000","175,300,000","103,700,000","115,600,000","201,600,000"
1,"	CurrentAssets","602,284,000","422,107,000","659,056,000","1,038,975,000","1,192,614,000","1,240,618,000","928,562,000","1,390,935,000","1,305,325,000","1,059,612,000","830,728,000","1,483,190,000","1,240,341,000","860,191,000","569,980,000","522,455,000","425,283,000","421,959,000","465,643,000","494,049,000","379,132,000","290,600,000","438,200,000","265,000,000","388,500,000","188,000,000","240,200,000","116,700,000","79,500,000","117,700,000","82,100,000","42,900,000","24,500,000","10,100,000","12,400,000","21,700,000"
2,"		CashCashEquivalentsAndShortTermInvestments","343,332,000","104,621,000","375,232,000","662,829,000","725,722,000","512,245,000","68,510,000","114,458,000","282,092,000","239,196,000","337,871,000","735,493,000","513,311,000","161,058,000","61,710,000","166,302,000","191,578,000","237,843,000","265,466,000","278,306,000","173,235,000","132,800,000","211,000,000","49,900,000","149,600,000","41,300,000","95,200,000","4,900,000","3,100,000","56,100,000","48,800,000","7,100,000","1,400,000","2,100,000","7,700,000","10,900,000"
3,"			CashAndCashEquivalents","343,332,000","104,621,000","375,232,000","662,829,000","725,722,000","512,245,000","68,510,000","114,458,000","282,092,000","239,196,000","337,871,000","735,493,000","513,311,000","161,058,000","61,710,000","121,845,000","58,790,000","139,467,000","192,509,000","236,709,000","173,235,000","132,800,000","211,000,000","49,900,000","149,600,000","41,300,000","95,200,000","4,900,000","3,100,000","56,100,000","48,800,000","7,100,000","1,400,000","2,100,000","7,700,000","10,900,000"
4,"			OtherShortTermInvestments",,,,,,,,,,,,,,,,"44,457,000","132,788,000","98,376,000","72,957,000","41,597,000",,,,,,,,,,,,,,,,
5,"		Receivables","178,630,000","258,436,000","221,220,000","310,041,000","374,632,000","554,456,000","676,586,000","1,089,338,000","856,096,000","662,447,000","387,414,000","654,425,000","658,356,000","652,181,000","462,432,000","328,253,000","205,023,000","149,235,000","164,613,000","169,008,000","175,394,000","123,200,000","149,100,000","136,700,000","101,600,000","60,300,000","112,500,000","79,500,000","58,100,000","37,500,000","26,300,000","26,000,000","15,800,000","6,100,000","3,600,000","9,400,000"
6,"			AccountsReceivable","147,863,000","198,665,000","200,722,000","204,696,000","319,152,000","498,931,000","569,096,000","949,069,000","743,673,000","587,163,000","387,414,000","647,454,000","644,840,000","613,115,000","408,241,000","276,688,000","205,023,000","149,235,000","164,613,000","169,008,000",,"123,200,000",,,,,,,,,,,,,,
7,"			TaxesReceivable","30,767,000","59,771,000","20,498,000","105,345,000","55,480,000","55,525,000","107,490,000","140,269,000","112,423,000","75,284,000",,,,,,,,,,,,,,,,,,,,,,,,,,
8,"			OtherReceivables",,,,,,,,,,,,"6,971,000","13,516,000","39,066,000","54,191,000","51,565,000",,,,,,,,,,,,,,,,,,,,
9,"		Inventory",,,,,,,,,,,,,,"3,814,000","4,461,000","3,940,000","4,013,000","4,086,000","3,628,000","3,626,000","3,870,000","4,300,000","5,100,000","4,600,000","3,300,000","19,800,000","14,000,000",,,,,,,,,
10,"		PrepaidAssets","80,322,000","59,050,000","62,604,000","66,105,000","92,260,000","173,917,000","183,466,000","187,139,000","43,962,000","57,254,000","35,502,000","26,938,000","21,207,000","20,721,000","20,491,000","10,064,000","12,454,000","11,809,000","6,595,000","5,314,000",,,,,,,,,,,,,,,,
11,"		RestrictedCash",,,,,,,,,,,,,,,,,,,"8,668,000","9,366,000",,,,,,,,,,,,,,,,
12,"		OtherCurrentAssets",,,,,,,,,"123,175,000","100,715,000","69,941,000","66,334,000","47,467,000","22,417,000","20,886,000","13,896,000","12,215,000","18,986,000","16,673,000","28,429,000","26,633,000","30,300,000","73,000,000","73,800,000","134,000,000","66,600,000","18,500,000","32,300,000","18,300,000","24,100,000","7,000,000","9,800,000","7,300,000","1,900,000","1,100,000","1,400,000"
13,"	TotalNonCurrentAssets","3,661,653,000","7,862,391,000","8,605,867,000","9,755,684,000","10,247,503,000","11,651,366,000","12,358,260,000","14,827,022,000","13,302,449,000","12,435,547,000","10,390,593,000","6,913,706,000","5,861,990,000","5,015,815,000","4,015,934,000","3,823,912,000","2,882,690,000","2,767,674,000","2,600,071,000","2,256,691,000","2,216,399,000","2,141,700,000","1,740,400,000","1,240,800,000","978,900,000","553,400,000","499,700,000","383,000,000","230,600,000","259,300,000","189,300,000","133,700,000","150,800,000","93,600,000","103,200,000","179,900,000"
14,"		NetPPE","3,577,069,000","7,733,924,000","8,480,718,000","9,489,240,000","10,061,948,000","11,483,623,000","12,112,509,000","14,558,090,000","13,025,972,000","11,897,467,000","10,048,087,000","6,634,452,000","5,642,549,000","4,795,916,000","3,858,393,000","2,999,019,000","2,743,620,000","2,625,866,000","2,471,043,000","2,149,217,000","2,095,129,000","2,049,800,000","1,649,100,000","1,200,900,000","957,000,000","543,000,000","493,300,000","370,200,000","221,900,000","237,300,000","177,700,000","130,700,000","148,900,000","93,400,000","103,200,000","179,800,000"
15,"			GrossPPE","4,777,697,000","10,306,625,000","10,956,412,000","12,034,331,000","12,364,888,000","14,056,323,000","14,442,922,000","19,198,767,000","16,971,666,000","15,037,112,000","12,643,866,000","8,810,227,000","7,528,780,000","6,434,951,000","5,287,347,000","4,244,795,000","3,804,888,000","3,518,754,000","3,216,805,000","2,770,538,000","2,598,451,000","2,445,500,000","1,968,100,000","1,457,500,000","1,204,000,000","895,500,000","824,900,000","631,800,000","468,900,000","471,000,000","400,700,000","335,500,000","346,100,000","293,700,000","310,400,000","370,800,000"
16,"				Properties",,"10,014,314,000","10,546,376,000","11,746,629,000","12,048,571,000","13,074,804,000","13,254,240,000","17,130,986,000","16,777,013,000",,,,,,,,,,,,,,,,,,,,,,,,,,,
17,"				MachineryFurnitureEquipment","4,476,960,000","10,014,314,000","10,546,376,000","11,746,629,000","12,048,571,000","13,074,804,000","13,254,240,000","17,130,986,000",,"14,839,627,000","12,471,283,000","8,666,750,000","7,423,440,000","6,354,782,000","5,215,477,000","4,178,097,000","3,739,338,000","3,454,163,000","3,153,509,000","2,739,574,000",,,,,,,,,,,,,,,,
18,"				OtherProperties","200,925,000","203,407,000","200,945,000","204,193,000","204,214,000","220,172,000","218,697,000","213,347,000","194,653,000","197,485,000","172,583,000","143,477,000","105,340,000","80,169,000","71,870,000","66,698,000","65,550,000","64,591,000","63,296,000","30,964,000",,,,,,,,,,,,,,,,
19,"				ConstructionInProgress","99,812,000","88,904,000","209,091,000","83,509,000","112,103,000","761,347,000","969,985,000","1,854,434,000",,,,,,,,,,,,,,,,,,,,,,,,,,,,
20,"			AccumulatedDepreciation","-1,200,628,000","-2,572,701,000","-2,475,694,000","-2,545,091,000","-2,302,940,000","-2,572,700,000","-2,330,413,000","-4,640,677,000","-3,945,694,000","-3,139,645,000","-2,595,779,000","-2,175,775,000","-1,886,231,000","-1,639,035,000","-1,428,954,000","-1,245,776,000","-1,061,268,000","-892,888,000","-745,762,000","-621,321,000","-503,322,000","-395,700,000","-319,000,000","-256,600,000","-247,000,000","-352,500,000","-331,600,000","-261,600,000","-247,000,000","-233,700,000","-223,000,000","-204,800,000","-197,200,000","-200,300,000","-207,200,000","-191,000,000"
21,"		OtherNonCurrentAssets","84,584,000","128,467,000","125,149,000","266,444,000","185,555,000","167,743,000","245,751,000","268,932,000","276,477,000","538,080,000","342,506,000","279,254,000","219,441,000","219,899,000","157,541,000","824,893,000","139,070,000","141,808,000","129,028,000","107,474,000","121,270,000","91,900,000","91,300,000","39,900,000","21,900,000","10,400,000","6,400,000","12,800,000","8,700,000","22,000,000","11,600,000","3,000,000","1,900,000","200,000",,"100,000"
22,TotalLiabilitiesNetMinorityInterest,"4,575,325,000","4,625,526,000","4,610,349,000","4,844,031,000","4,972,672,000","5,469,754,000","5,999,788,000","7,167,929,000","6,119,484,000","5,397,307,000","3,933,687,000","1,608,464,000","1,816,084,000","1,573,280,000","1,364,269,000","1,622,539,000","932,070,000","1,017,488,000","1,082,208,000","977,355,000","1,022,549,000","1,037,200,000","868,100,000","356,700,000","441,600,000","217,700,000","211,700,000","170,500,000","98,000,000","146,400,000","101,700,000","57,900,000","53,600,000","16,400,000","44,700,000","86,800,000"
23,"	CurrentLiabilities","218,351,000","516,928,000","365,457,000","593,024,000","633,293,000","863,657,000","668,674,000","1,051,915,000","911,449,000","827,180,000","720,381,000","433,947,000","678,993,000","492,772,000","426,260,000","259,335,000","214,166,000","244,023,000","280,660,000","207,549,000","205,428,000","233,300,000","349,500,000","152,900,000","151,500,000","86,400,000","82,300,000","42,300,000","55,100,000","71,400,000","39,500,000","24,300,000","16,700,000","5,200,000","4,800,000","10,800,000"
24,"		PayablesAndAccruedExpenses","168,531,000","283,026,000","305,327,000","271,516,000","264,467,000","465,586,000","462,139,000","751,743,000","752,937,000","585,345,000","556,119,000","377,985,000","270,432,000","314,309,000","289,362,000","172,472,000","143,923,000","135,689,000","115,908,000","86,771,000","56,394,000","56,600,000","78,900,000","77,400,000","66,900,000","30,800,000","34,700,000","9,100,000","4,600,000","10,100,000","10,300,000","8,400,000",,,,
25,"			Payables","131,978,000","138,923,000","154,943,000","118,423,000","154,785,000","311,161,000","359,619,000","600,582,000","551,773,000","530,926,000","390,196,000","266,560,000","259,107,000","198,395,000","196,111,000","93,914,000","83,012,000","87,178,000","64,783,000","46,996,000","56,394,000","56,600,000","78,900,000","77,400,000","66,900,000","30,800,000","34,700,000","9,100,000","4,600,000","10,100,000","10,300,000","8,400,000",,,,
26,"				AccountsPayable","95,159,000","108,208,000","125,557,000","84,032,000","108,224,000","223,221,000","265,389,000","347,214,000","350,147,000","436,006,000","374,814,000","197,800,000","259,107,000","198,395,000","196,111,000","93,914,000","83,012,000","87,178,000","64,783,000","46,996,000","56,394,000","56,600,000","78,900,000","77,400,000","66,900,000","30,800,000","34,700,000","9,100,000","4,600,000","10,100,000","10,300,000","8,400,000",,,,
27,"				TotalTaxPayable","36,819,000","30,715,000","29,386,000","34,391,000","46,561,000","87,940,000","94,230,000","125,119,000","135,257,000","94,920,000","15,382,000","68,760,000",,,,,,,,,,,,,,,,,,,,,,,,
28,"				DividendsPayable",,,,,,,0,"128,249,000","66,369,000",,,,,,,,,,,,,,,,,,,,,,,,,,,
29,"			CurrentAccruedExpenses","36,553,000","144,103,000","150,384,000","153,093,000","109,682,000","154,425,000","102,520,000","151,161,000","201,164,000","54,419,000","165,923,000","111,425,000","11,325,000","115,914,000","93,251,000","78,558,000","60,911,000","48,511,000","51,125,000","39,775,000",,,,,,,,,,,,,,,,
30,"				InterestPayable",0,"88,047,000","100,100,000","98,189,000","61,299,000","72,961,000",,,"68,436,000","54,419,000","40,260,000","11,258,000",,,,,,,,,,,,,,,,,,,,,,,,
31,"		PensionandOtherPostRetirementBenefitPlansCurrent",,,,,,,,,,"117,907,000",,,,,,,,,,,,,,,,,,,,,,,,,,
32,"		CurrentDebtAndCapitalLeaseObligation",,"62,505,000",,"249,843,000","299,882,000","299,997,000",,,,,"80,213,000",,"172,698,000","10,334,000","9,629,000","8,972,000","8,361,000","47,666,000","80,577,000","55,430,000","49,351,000","59,500,000","148,800,000","9,700,000","3,600,000","12,200,000","6,200,000","500,000","23,900,000","36,500,000","14,500,000","2,400,000","2,200,000","300,000","300,000","800,000"
33,"			CurrentDebt",,"62,505,000",,"249,843,000","299,882,000","299,997,000",,,,,"80,213,000",,"172,698,000","10,334,000","9,629,000","8,972,000","8,361,000","47,666,000","80,577,000","55,430,000","49,351,000","59,500,000","148,800,000","9,700,000","3,600,000","12,200,000","6,200,000","500,000","23,900,000","36,500,000","14,500,000","2,400,000","2,200,000","300,000","300,000","800,000"
34,"				OtherCurrentBorrowings",,,,"249,843,000","299,882,000","299,997,000",,,,,,,,,,,,,,,,,,,,,,,,,,,,,,
35,"		OtherCurrentLiabilities","49,820,000","171,397,000","60,130,000","71,665,000","68,944,000","98,074,000","206,535,000","300,172,000","158,512,000","123,928,000","84,049,000","55,962,000","235,863,000","168,129,000","127,269,000","77,891,000","61,882,000","60,668,000","84,175,000","65,348,000","99,683,000","117,200,000","121,800,000","65,800,000","81,000,000","43,400,000","41,400,000","32,700,000","26,600,000","24,800,000","14,700,000","13,500,000","14,500,000","4,900,000","4,500,000","10,000,000"
36,"	TotalNonCurrentLiabilitiesNetMinorityInterest","4,356,974,000","4,108,598,000","4,244,892,000","4,251,007,000","4,339,379,000","4,606,097,000","5,331,114,000","6,116,014,000","5,208,035,000","4,570,127,000","3,213,306,000","1,174,517,000","1,137,091,000","1,080,508,000","938,009,000","1,363,204,000","717,904,000","773,465,000","801,548,000","769,806,000","817,121,000","803,900,000","518,600,000","203,800,000","290,100,000","131,300,000","129,400,000","128,200,000","42,900,000","75,000,000","62,200,000","33,600,000","36,900,000","11,200,000","39,900,000","76,000,000"
37,"		LongTermDebtAndCapitalLeaseObligation","3,998,895,000","3,779,499,000","3,877,402,000","3,795,867,000","4,040,229,000","4,188,904,000","4,869,020,000","5,556,251,000","4,634,375,000","4,071,964,000","2,686,484,000","750,946,000","750,789,000","774,182,000","684,469,000","1,129,325,000","503,288,000","541,907,000","589,562,000","550,131,000","650,291,000","730,900,000","460,800,000","138,100,000","239,500,000","129,900,000","126,500,000","127,100,000","41,300,000","71,200,000","59,500,000","20,000,000","21,200,000","6,100,000","27,300,000","27,600,000"
38,"			LongTermDebt","3,977,926,000","3,779,499,000","3,877,402,000","3,795,867,000","4,040,229,000","4,188,904,000","4,869,020,000","5,556,251,000","4,634,375,000","4,071,964,000","2,686,484,000","750,946,000","750,789,000","774,182,000","684,469,000","1,129,325,000","503,288,000","541,907,000","589,562,000","550,131,000","650,291,000","730,900,000","460,800,000","138,100,000","239,500,000","129,900,000","126,500,000","127,100,000","41,300,000","71,200,000","59,500,000","20,000,000","21,200,000","6,100,000","27,300,000","27,600,000"
39,"			LongTermCapitalLeaseObligation","20,969,000",,,,,,,,,,,,,,,,,,,,,,,,,,,,,,,,,,,
40,"		NonCurrentDeferredLiabilities","9,292,000","68,201,000","91,695,000","164,962,000","2,084,000","92,797,000","120,589,000","225,455,000","226,045,000","242,791,000","258,822,000","300,231,000","265,018,000","240,621,000","219,521,000","227,589,000","206,506,000","213,357,000","206,351,000","202,646,000","149,084,000","70,700,000","56,900,000","63,900,000","50,300,000",,,,,,,,,"4,900,000","11,900,000","47,700,000"
41,"			NonCurrentDeferredTaxesLiabilities","9,292,000","68,201,000","91,695,000","164,962,000","2,084,000","92,797,000","120,589,000","225,455,000","226,045,000","242,791,000","258,822,000","300,231,000","265,018,000","240,621,000","219,521,000","227,589,000","206,506,000","213,357,000","206,351,000","202,646,000","149,084,000","70,700,000","56,900,000","63,900,000","50,300,000",,,,,,,,,"4,900,000","11,900,000","47,700,000"
42,"		NonCurrentAccruedExpenses","147,748,000",,,,,,,,,,,,,,,,,,,,,,,,,,,,,,,,,,,
43,"		OtherNonCurrentLiabilities","201,039,000","260,898,000","275,795,000","290,178,000","297,066,000","324,396,000","341,505,000","334,308,000","347,615,000","255,372,000","268,000,000","123,340,000","121,284,000","65,705,000","34,019,000","6,290,000","8,110,000","18,201,000","5,635,000","17,029,000","17,746,000","2,300,000","900,000","1,800,000","300,000","1,400,000","2,900,000","1,100,000","1,600,000","3,800,000","2,700,000","13,600,000","15,700,000","200,000","700,000","700,000"
44,TotalEquityGrossMinorityInterest,"-311,388,000","3,658,972,000","4,654,574,000","5,950,628,000","6,467,445,000","7,422,230,000","7,287,034,000","9,050,028,000","8,488,290,000","8,097,852,000","7,287,634,000","6,788,432,000","5,286,247,000","4,302,726,000","3,221,645,000","2,723,828,000","2,375,903,000","2,172,145,000","1,983,506,000","1,773,385,000","1,572,982,000","1,395,100,000","1,310,500,000","1,149,100,000","925,800,000","523,700,000","528,200,000","329,200,000","212,100,000","230,600,000","169,700,000","118,700,000","121,700,000","87,300,000","70,900,000","114,800,000"
45,"	StockholdersEquity","-311,388,000","3,658,972,000","4,253,171,000","5,276,161,000","5,758,681,000","6,699,229,000","6,564,730,000","8,322,583,000","7,723,166,000","7,406,521,000","7,163,003,000","6,788,432,000","5,290,715,000","4,308,322,000","3,228,993,000","2,731,734,000","2,384,434,000","2,178,425,000","1,989,210,000","1,778,319,000","1,576,719,000","1,398,000,000","1,310,500,000","1,149,100,000","925,200,000","523,500,000","527,600,000","329,000,000","211,700,000","230,300,000","169,500,000","118,700,000","121,700,000","87,300,000","70,900,000","114,800,000"
46,"		CapitalStock","2,511,000","2,492,000","2,468,000","2,450,000","2,432,000","2,420,000","2,475,000","2,534,000","710,130,000","766,595,000","917,684,000","1,130,607,000","26,190,000","26,822,000","13,459,000","13,701,000","13,441,000","13,389,000","13,353,000","13,818,000","13,744,000","13,500,000",,,,"4,000,000","7,000,000","3,000,000","3,000,000",,,"3,300,000",,,,
47,"			PreferredStock",,,,,,,,,,,,,,,,,,,,,,,,,,"4,000,000","7,000,000","3,000,000","3,000,000",,,"3,300,000",,,,
48,"			CommonStock","2,511,000","2,492,000","2,468,000","2,450,000","2,432,000","2,420,000","2,475,000","2,534,000","710,130,000","766,595,000","917,684,000","1,130,607,000","26,190,000","26,822,000","13,459,000","13,701,000","13,441,000","13,389,000","13,353,000","13,818,000","13,744,000","13,500,000",,,,0,0,0,0,,,0,,,,
49,"		AdditionalPaidInCapital","814,796,000","807,093,000","699,409,000","678,922,000","654,168,000","628,483,000","695,638,000","810,286,000","83,531,000","48,356,000","39,006,000",0,"402,115,000","683,697,000","789,354,000","1,024,470,000","926,652,000","915,240,000","905,865,000","1,041,017,000","1,019,615,000","960,800,000",,,,,,,,,,,,,,
50,"		RetainedEarnings","-1,070,683,000","2,907,776,000","3,608,366,000","4,637,677,000","5,154,221,000","6,131,501,000","5,936,035,000","7,591,927,000","7,066,023,000","6,676,444,000","6,630,500,000","5,855,737,000","4,919,667,000","3,602,870,000","2,446,056,000","1,736,015,000","1,452,974,000","1,306,888,000","1,140,472,000","930,969,000","668,047,000","502,500,000","418,000,000","256,000,000","-120,500,000","-73,800,000","-68,200,000","-8,400,000","-22,600,000","-4,400,000","6,600,000","16,000,000","23,600,000","32,200,000","42,300,000","86,300,000"
51,"		TreasuryStock",,,,,,,,0,"21,069,000","10,553,000","373,967,000","143,031,000",,,,,,"49,121,000","51,317,000","177,408,000","104,894,000","65,100,000",,,,,,,,,,,,,,
52,"		GainsLossesNotAffectingRetainedEarnings","-58,012,000","-58,389,000","-57,072,000","-42,888,000","-52,140,000","-63,175,000","-69,418,000","-82,164,000","-115,449,000","-74,321,000","-50,220,000","-54,881,000","-57,257,000","-5,067,000","-19,876,000","-42,452,000","-8,633,000","-7,971,000","-19,163,000","-30,077,000","-19,793,000","-13,700,000",,,,,,,,,,,,,,
53,"			ForeignCurrencyTranslationAdjustments",,,,,,,,,,,,,"-12,469,000","6,626,000","2,962,000",,,,,,,,,,,,,,,,,,,,,
54,"			OtherEquityAdjustments",,,,,,,,,,,,,"-44,788,000","-11,693,000","-22,838,000",,,,,,,,,,,,,,,,,,,,,
55,"		OtherEquityInterest",,,,,,,,,,,,,,,,,,,,,,,"892,500,000","893,100,000","1,045,700,000","593,300,000","588,800,000","334,400,000","231,300,000","234,700,000","162,900,000","99,400,000","98,100,000","55,100,000","28,600,000","28,500,000"
56,"	MinorityInterest",,0,"401,403,000","674,467,000","708,764,000","723,001,000","722,304,000","727,445,000","765,124,000","691,331,000","124,631,000",,"-4,468,000","-5,596,000","-7,348,000","-7,906,000","-8,531,000","-6,280,000","-5,704,000","-4,934,000","-3,737,000","-2,900,000",,,"600,000","200,000","600,000","200,000","400,000","300,000","200,000",,,,,
57,TotalCapitalization,"3,666,538,000","7,438,471,000","8,130,573,000","9,072,028,000","9,798,910,000","10,888,133,000","11,433,750,000","13,878,834,000","12,357,541,000","11,478,485,000","9,849,487,000","7,539,378,000","6,041,504,000","5,082,504,000","3,913,462,000","3,861,059,000","2,887,722,000","2,720,332,000","2,578,772,000","2,328,450,000","2,227,010,000","2,128,900,000","1,771,300,000","1,287,200,000","1,164,700,000","653,400,000","654,100,000","456,100,000","253,000,000","301,500,000","229,000,000","138,700,000","142,900,000","93,400,000","98,200,000","142,400,000"
58,PreferredStockEquity,,,,,,,,,,,,,,,,,,,,,,,,,,"4,000,000","7,000,000","3,000,000","3,000,000",,,"3,300,000",,,,
59,CommonStockEquity,"-311,388,000","3,658,972,000","4,253,171,000","5,276,161,000","5,758,681,000","6,699,229,000","6,564,730,000","8,322,583,000","7,723,166,000","7,406,521,000","7,163,003,000","6,788,432,000","5,290,715,000","4,308,322,000","3,228,993,000","2,731,734,000","2,384,434,000","2,178,425,000","1,989,210,000","1,778,319,000","1,576,719,000","1,398,000,000","1,310,500,000","1,149,100,000","925,200,000","519,500,000","520,600,000","326,000,000","208,700,000","230,300,000","169,500,000","115,400,000","121,700,000","87,300,000","70,900,000","114,800,000"
60,CapitalLeaseObligations,"20,969,000",,,,,,,,,,,,,,,,,,,,,,,,,,,,,,,,,,,
61,NetTangibleAssets,"-311,388,000","3,658,972,000","4,253,171,000","5,276,161,000","5,758,681,000","6,699,229,000","6,564,730,000","8,322,583,000","7,723,166,000","7,406,521,000","7,163,003,000","6,788,432,000","5,290,715,000","4,308,322,000","3,228,993,000","2,731,734,000","2,384,434,000","2,178,425,000","1,989,210,000","1,778,319,000","1,576,719,000","1,398,000,000","1,310,500,000","1,149,100,000","925,200,000","523,500,000","527,600,000","329,000,000","211,700,000","230,300,000","169,500,000","118,700,000","121,700,000","87,300,000","70,900,000","114,800,000"
62,WorkingCapital,"383,933,000","-94,821,000","293,599,000","445,951,000","559,321,000","376,961,000","259,888,000","339,020,000","393,876,000","232,432,000","110,347,000","1,049,243,000","561,348,000","367,419,000","143,720,000","263,120,000","211,117,000","177,936,000","184,983,000","286,500,000","173,704,000","57,300,000","88,700,000","112,100,000","237,000,000","101,600,000","157,900,000","74,400,000","24,400,000","46,300,000","42,600,000","18,600,000","7,800,000","4,900,000","7,600,000","10,900,000"
63,InvestedCapital,"3,666,538,000","7,500,976,000","8,130,573,000","9,321,871,000","10,098,792,000","11,188,130,000","11,433,750,000","13,878,834,000","12,357,541,000","11,478,485,000","9,929,700,000","7,539,378,000","6,214,202,000","5,092,838,000","3,923,091,000","3,870,031,000","2,896,083,000","2,767,998,000","2,659,349,000","2,383,880,000","2,276,361,000","2,188,400,000","1,920,100,000","1,296,900,000","1,168,300,000","661,600,000","653,300,000","453,600,000","273,900,000","338,000,000","243,500,000","137,800,000","145,100,000","93,700,000","98,500,000","143,200,000"
64,TangibleBookValue,"-311,388,000","3,658,972,000","4,253,171,000","5,276,161,000","5,758,681,000","6,699,229,000","6,564,730,000","8,322,583,000","7,723,166,000","7,406,521,000","7,163,003,000","6,788,432,000","5,290,715,000","4,308,322,000","3,228,993,000","2,731,734,000","2,384,434,000","2,178,425,000","1,989,210,000","1,778,319,000","1,576,719,000","1,398,000,000","1,310,500,000","1,149,100,000","925,200,000","519,500,000","520,600,000","326,000,000","208,700,000","230,300,000","169,500,000","115,400,000","121,700,000","87,300,000","70,900,000","114,800,000"
65,TotalDebt,"3,998,895,000","3,842,004,000","3,877,402,000","4,045,710,000","4,340,111,000","4,488,901,000","4,869,020,000","5,556,251,000","4,634,375,000","4,071,964,000","2,766,697,000","750,946,000","923,487,000","784,516,000","694,098,000","1,138,297,000","511,649,000","589,573,000","670,139,000","605,561,000","699,642,000","790,400,000","609,600,000","147,800,000","243,100,000","142,100,000","132,700,000","127,600,000","65,200,000","107,700,000","74,000,000","22,400,000","23,400,000","6,400,000","27,600,000","28,400,000"
66,NetDebt,"3,634,594,000","3,737,383,000","3,502,170,000","3,382,881,000","3,614,389,000","3,976,656,000","4,800,510,000","5,441,793,000","4,352,283,000","3,832,768,000","2,428,826,000","15,453,000","410,176,000","623,458,000","632,388,000","1,016,452,000","452,859,000","450,106,000","477,630,000","368,852,000","526,407,000","657,600,000","398,600,000","97,900,000","93,500,000","100,800,000","37,500,000","122,700,000","62,100,000","51,600,000","25,200,000","15,300,000","22,000,000","4,300,000","19,900,000","17,500,000"
67,ShareIssued,"251,083,973","249,200,000","246,794,000","244,971,000","243,239,000","241,977,000","247,501,000","253,448,000","253,348,000","252,926,000","272,555,000","265,724,000","261,500,479","268,223,000","134,592,000","134,407,000","134,407,000","133,894,000","133,534,000","132,015,000","267,182,000","263,764,000","262,202,000","261,976,000","189,096,000","188,966,000","155,652,000","95,096,000","68,596,000","67,464,000","66,668,000","45,974,000","43,248,000","33,552,000","22,574,000","22,546,000"
68,OrdinarySharesNumber,"251,083,973","249,200,000","246,794,000","244,971,000","243,239,000","241,977,000","247,501,000","253,448,000","252,759,000","252,639,000","262,415,000","261,974,000","261,500,479","268,223,000","134,592,000","134,407,000","134,407,000","133,894,000","133,534,000","132,015,000","267,182,000","263,764,000","262,202,000","261,976,000","189,096,000","188,966,000","155,652,000","95,096,000","68,596,000","67,464,000","66,668,000","45,974,000","43,248,000","33,552,000","22,574,000","22,546,000"
69,TreasurySharesNumber,,,,,,,,,"589,000","287,000","10,140,000","3,750,000",,,,,,,,,,,,,,,,,,,,,,,,
0,TotalRevenue,"964,272,000","1,305,438,000","1,082,826,000","1,236,915,000","2,302,065,000","3,352,252,000","3,232,504,000","4,234,290,000","3,547,012,000","2,695,832,000","2,807,176,000","3,640,784,000","3,446,501,000","2,995,311,000","2,100,239,000","1,382,137,000","1,066,231,000","987,380,000","986,356,000","1,002,329,000","882,600,000","705,900,000","788,200,000","713,200,000","514,300,000","328,000,000","352,000,000","194,900,000","139,700,000","177,400,000","136,200,000","103,700,000","44,000,000","28,800,000","34,700,000","71,600,000"
1,"	OperatingRevenue","909,236,000","1,246,058,000","1,036,082,000","1,207,026,000","2,242,200,000","3,261,610,000","3,147,859,000","4,122,311,000","3,431,252,000","2,695,832,000","2,807,176,000","3,640,784,000","3,446,501,000","2,995,311,000","2,100,239,000","1,382,137,000","1,066,231,000","987,380,000","986,356,000","1,002,329,000","882,600,000","705,900,000","788,200,000","713,200,000","514,300,000","328,000,000","352,000,000","194,900,000","139,700,000","177,400,000","136,200,000","103,700,000","44,000,000","28,800,000","34,700,000","71,600,000"
2,CostOfRevenue,"989,804,000","1,187,625,000","1,153,551,000","1,206,914,000","1,536,004,000","1,937,110,000","2,194,363,000","3,015,791,000","2,676,093,000","1,476,524,000","1,259,270,000","1,110,626,000","1,133,782,000","1,129,145,000","883,916,000","756,821,000","677,126,000","594,953,000","559,262,000","475,170,000","479,406,000","422,900,000","456,500,000","387,100,000","331,500,000","240,000,000","243,200,000","128,600,000","103,900,000","131,400,000","112,100,000","81,800,000","37,300,000","25,400,000","29,600,000","54,900,000"
3,GrossProfit,"-25,532,000","117,813,000","-70,725,000","30,001,000","766,061,000","1,415,142,000","1,038,141,000","1,218,499,000","870,919,000","1,219,308,000","1,547,906,000","2,530,158,000","2,312,719,000","1,866,166,000","1,216,323,000","625,316,000","389,105,000","392,427,000","427,094,000","527,159,000","403,194,000","283,000,000","331,700,000","326,100,000","182,800,000","88,000,000","108,800,000","66,300,000","35,800,000","46,000,000","24,100,000","21,900,000","6,700,000","3,400,000","5,100,000","16,700,000"
4,OperatingExpense,"135,605,000","168,792,000","73,216,000","71,634,000","69,258,000","76,843,000","106,771,000","117,997,000","99,990,000","728,815,000","631,826,000","519,414,000","404,316,000","375,304,000","288,893,000","252,271,000","201,933,000","171,289,000","152,093,000","142,872,000","134,570,000","124,800,000","102,000,000","142,700,000","106,700,000","76,600,000","90,800,000","42,900,000","40,300,000","50,100,000","31,500,000","32,400,000","19,600,000","19,000,000","34,200,000","43,300,000"
5,"	SellingGeneralAndAdministration","121,196,000","168,792,000","73,216,000","71,634,000","69,258,000","76,843,000","106,771,000","117,997,000","99,990,000","91,377,000","91,997,000","80,262,000","74,143,000","85,831,000","46,272,000","40,278,000","33,714,000","26,634,000","26,939,000","24,297,000","23,783,000","35,800,000","30,300,000","64,800,000","54,500,000","40,100,000","51,300,000","22,400,000","22,600,000","30,200,000","17,100,000","18,200,000","7,500,000","4,500,000","6,200,000","8,600,000"
6,"		GeneralAndAdministrativeExpense","121,196,000","168,792,000","73,216,000","71,634,000","69,258,000","76,843,000","106,771,000","117,997,000",,,,,,,,,,,,,,,,,,,,,,,,,,,,
7,"			OtherGandA","121,196,000","168,792,000","73,216,000","71,634,000","69,258,000","76,843,000","106,771,000","117,997,000",,,,,,,,,,,,,,,,,,,,,,,,,,,,
8,"	DepreciationAmortizationDepletionIncomeStatement",,,,,,,,,,"658,640,000","539,829,000","408,313,000","356,658,000","292,987,000","253,325,000","241,752,000","168,219,000","148,127,000","125,154,000","118,575,000","110,787,000","89,000,000","71,700,000","77,900,000","52,200,000","36,500,000","39,500,000","20,500,000","17,700,000","19,900,000","14,400,000","14,200,000","12,100,000","14,500,000","28,000,000","34,700,000"
9,"		DepreciationAndAmortizationInIncomeStatement",,,,,,,,,,"658,640,000","539,829,000","408,313,000","356,658,000","292,987,000","253,325,000","241,752,000","168,219,000","148,127,000","125,154,000","118,575,000","110,787,000","89,000,000","71,700,000","77,900,000","52,200,000","36,500,000","39,500,000","20,500,000","17,700,000","19,900,000","14,400,000","14,200,000","12,100,000","14,500,000","28,000,000","34,700,000"
10,"	OtherOperatingExpenses","14,409,000",,,,,,,"17,702,000",,"-21,202,000",,"30,839,000","-26,485,000","-3,514,000","-10,704,000","-29,759,000",,"-3,472,000",,,,,,,,,,,,,,,,,,
11,OperatingIncome,"-161,137,000","-50,979,000","-143,941,000","-41,633,000","696,803,000","1,338,299,000","931,370,000","1,100,502,000","770,929,000","490,493,000","916,080,000","2,010,744,000","1,908,403,000","1,490,862,000","927,430,000","373,045,000","187,172,000","221,138,000","275,001,000","384,287,000","268,624,000","158,200,000","229,700,000","183,400,000","76,100,000","11,400,000","18,000,000","23,400,000","-4,500,000","-4,100,000","-7,400,000","-10,500,000","-12,900,000","-15,600,000","-29,100,000","-26,600,000"
12,NetNonOperatingInterestIncomeExpense,"-155,641,000","-273,428,000","-289,309,000","-286,540,000","-222,897,000","-177,568,000","-156,477,000","-103,546,000","-80,575,000","-54,243,000","429,000","5,158,000",,,,,,,,,,,,,,,,,,,,,,,,
13,"	InterestIncomeNonOperating","9,012,000","6,007,000","8,302,000","5,449,000","18,000","36,286,000","-1,298,000","2,754,000","5,188,000","1,484,000","9,886,000","6,843,000",,,,,,,,,,,,,,,,,,,,,,,,
14,"	InterestExpenseNonOperating","164,653,000","279,435,000","297,611,000","291,989,000","222,915,000","213,854,000","156,477,000","106,300,000","85,763,000","55,727,000","9,457,000","1,685,000",,,,,,,,,,,,,,,,,,,,,,,,
15,OtherIncomeExpense,"-3,922,084,000","-584,678,000","-803,926,000","-121,639,000","-1,440,935,000","-418,298,000","-745,428,000","21,056,000","12,871,000",,,,"26,485,000","14,665,000","20,728,000","40,592,000","9,034,000","9,609,000","10,946,000","13,457,000","12,261,000","-10,700,000","6,300,000","208,800,000","44,300,000","5,600,000","21,400,000","3,400,000","6,500,000","6,500,000","2,400,000","3,400,000","200,000","-800,000","-50,000,000","500,000"
16,"	GainOnSaleOfSecurity",,,,,,,,"46,800,000","33,255,000",,,,,,,,,,,,,,,,,,,,,,,,,,,
17,"	SpecialIncomeCharges","-3,922,084,000","-584,678,000","-803,926,000","-121,639,000","-1,440,935,000","-418,298,000","-745,428,000","-25,744,000","-20,384,000",,0,,"26,485,000","14,665,000","20,728,000","40,592,000","9,034,000","9,609,000","10,946,000","13,457,000","12,261,000","-10,700,000","6,300,000","208,800,000","44,300,000","5,600,000","21,400,000","3,400,000","6,500,000","6,500,000","2,400,000","3,400,000","200,000","-800,000","-50,000,000","500,000"
18,"		RestructuringAndMergernAcquisition","23,930,000",,,,,,,"17,702,000",,,,,,,,,,,,,,,,,,,,,,,,,,,,
19,"		ImpairmentOfCapitalAssets","3,915,408,000","615,294,000","802,133,000","121,639,000","1,458,749,000","418,298,000","745,428,000","43,688,000","20,384,000",,0,,,,,,,,,,,,,,,,,,,,,,,,,
20,"		WriteOff",,"615,294,000","802,133,000","121,639,000","1,458,749,000","418,298,000","745,428,000","43,688,000","20,384,000",,,,,,,,,,,,,,,,,,,,,,,,,,,
21,"		OtherSpecialCharges","-17,254,000","-30,616,000","1,793,000",,"-17,814,000",,,,,,,,,,,,,,,,,,,,,,,,,,,,,,,
22,"		GainOnSaleOfPPE",,,,,,,0,"35,646,000",,,,,,,,,,,,,,,,,,,,,,,,,,,,
23,PretaxIncome,"-4,238,862,000","-909,085,000","-1,237,176,000","-449,812,000","-967,029,000","742,433,000","29,465,000","1,018,012,000","703,225,000","436,250,000","916,509,000","2,015,902,000","1,912,458,000","1,488,902,000","921,287,000","364,092,000","161,817,000","186,984,000","243,325,000","349,992,000","226,307,000","125,500,000","230,900,000","379,600,000","102,000,000","4,900,000","27,200,000","21,600,000","-5,900,000","-11,300,000","-7,400,000","-9,700,000","-13,300,000","-16,800,000","-82,100,000","-31,000,000"
24,TaxProvision,"-260,403,000","-38,540,000","-106,641,000","42,629,000","-109,156,000","159,232,000","106,651,000","167,606,000","147,088,000","72,625,000","143,077,000","337,260,000","351,463,000","282,891,000","189,421,000","67,396,000","15,731,000","20,568,000","33,822,000","86,082,000","60,753,000","30,200,000","68,900,000","115,700,000","22,700,000","3,300,000","5,700,000","2,500,000","2,200,000","2,100,000","1,400,000","800,000","-4,900,000","-6,700,000","-38,100,000","-14,500,000"
25,NetIncomeCommonStockholders,"-3,978,459,000","-700,590,000","-885,050,000","-515,025,000","-929,580,000","499,792,000","8,491,000","773,426,000","517,035,000","370,898,000","773,429,000","1,678,642,000","1,560,995,000","1,206,011,000","731,866,000","296,696,000","146,086,000","166,416,000","209,503,000","262,922,000","165,554,000","84,500,000","162,000,000","257,200,000","72,600,000","-5,600,000","8,700,000","14,200,000","-18,200,000","-15,900,000","-8,800,000","-10,500,000","-8,400,000","-10,100,000","-44,000,000","-16,500,000"
26,"	NetIncome","-3,978,459,000","-700,590,000","-885,050,000","-516,511,000","-929,580,000","511,000,000","8,491,000","782,697,000","522,344,000","370,898,000","773,429,000","1,678,642,000","1,560,995,000","1,206,011,000","731,866,000","296,696,000","146,086,000","166,416,000","209,503,000","262,922,000","165,554,000","84,500,000","162,000,000","257,200,000","78,600,000","1,600,000","21,500,000","20,900,000","-11,500,000","-15,200,000","-8,800,000","-10,500,000","-8,400,000","-10,100,000","-44,000,000","-16,500,000"
27,"		NetIncomeIncludingNoncontrollingInterests","-3,978,459,000","-874,366,000","-1,130,535,000","-493,927,000","-857,873,000","583,201,000","83,316,000","850,406,000","556,137,000","363,625,000","773,432,000","1,678,642,000","1,560,995,000","1,206,011,000","731,866,000","296,696,000","146,086,000","166,416,000","209,503,000","262,922,000","165,554,000","83,300,000","162,000,000","256,900,000","78,200,000","1,400,000","21,300,000","20,700,000","-11,500,000","-15,100,000","-9,000,000","-10,500,000","-8,400,000","-10,100,000","-44,000,000","-16,500,000"
28,"			NetIncomeContinuousOperations","-3,978,459,000","-870,545,000","-1,130,535,000","-492,441,000","-857,873,000","583,201,000","-77,186,000","850,406,000","556,137,000","363,625,000","773,432,000","1,678,642,000","1,560,995,000","1,206,011,000","731,866,000","296,696,000","146,086,000","166,416,000","209,503,000","263,910,000","165,554,000","95,300,000","162,000,000","263,900,000","79,300,000","1,600,000","21,500,000","19,100,000","-8,100,000","-13,400,000","-8,800,000","-10,500,000","-8,400,000","-10,100,000","-44,000,000","-16,500,000"
29,"			NetIncomeDiscontinuousOperations",0,"-3,821,000",0,"-1,486,000",0,,"160,502,000",,,,,,,,,,,,,,,,,,,,,,"-3,400,000","-1,800,000",,,,,,
30,"			NetIncomeFromTaxLossCarryforward",,,,,,,,,,,,,,,,,,,,"-988,000",,"-10,800,000",,"-6,700,000","-700,000",,,"1,800,000",,,,,,,,
31,"		MinorityInterests",0,"173,776,000","245,485,000","-22,584,000","-71,707,000","-72,201,000","-74,825,000","-67,709,000","-33,793,000","7,273,000","-3,000",,,,,,,,,,,"1,200,000",,"300,000","400,000","200,000","200,000","200,000",,"-100,000","200,000",,,,,
32,"	PreferredStockDividends",,,,,,,,,,,,,,,,,,,,,,,,,"6,000,000","7,200,000","12,800,000","6,700,000","6,700,000","700,000",,,,,,
33,"	OtherunderPreferredStockDividend",,,,"-1,486,000",0,"11,208,000",0,"9,271,000","5,309,000",,,,,,,,,,,,,,,,,,,,,,,,,,,
34,AverageDilutionEarnings,,,,0,,0,0,"10,000","7,000",,,,,,,,,,,,,,,,,,,,,,,,,,,
35,DilutedNIAvailtoComStockholders,"-3,978,459,000","-700,590,000","-885,050,000","-515,025,000","-929,580,000","499,792,000","8,491,000","773,436,000","517,042,000","370,898,000","773,429,000","1,678,642,000","1,560,995,000","1,206,011,000","731,866,000","296,696,000","146,086,000","166,416,000","209,503,000","262,922,000","165,554,000","84,500,000","162,000,000","257,200,000","72,600,000","-5,600,000","8,700,000","14,200,000","-18,200,000","-15,900,000","-8,800,000","-10,500,000","-8,400,000","-10,100,000","-44,000,000","-16,500,000"
36,BasicEPS,-15.86,-2.81,-3.59,-2.11,-3.82,2.06,0.03,3.05,2.05,1.46,3.03,6.44,5.9,4.52,5.38,2.18,1.1,1.26,1.58,1.98,1.24,0.32,0.62,0.975,0.335,-0.04,0.055,0.115,-0.265,-0.235,-0.175,-0.25,-0.21,-0.355,-1.95,-0.705
37,DilutedEPS,-15.86,-2.81,-3.59,-2.11,-3.82,2.06,0.03,3.05,2.05,1.46,3.02,6.42,5.85,4.48,5.33,2.16,1.09,1.25,1.57,1.96,1.22,0.32,0.615,0.965,0.33,-0.04,0.055,0.11,-0.265,-0.235,-0.175,-0.25,-0.21,-0.355,-1.95,-0.705
38,BasicAverageShares,"250,792,000","248,949,000","246,614,000","244,743,000","243,127,000","242,146,000","252,909,000","253,288,000","252,435,000","251,405,000","253,123,000","258,035,000","264,782,000","266,816,593","136,034,572","136,099,083","132,805,455","132,076,190","132,596,835","132,788,889","266,554,000","264,062,500","261,290,323","263,794,872","216,716,418","140,000,000","158,181,818","123,478,261","68,679,245","67,659,574","50,285,714","42,000,000","40,000,000","28,450,704","22,564,103","23,404,255"
39,DilutedAverageShares,"250,792,000","248,949,000","246,614,000","244,743,000","243,127,000","242,146,000","252,909,000","253,547,000","252,791,000","251,989,000","253,936,000","258,891,000","266,805,000","269,198,884","137,310,694","137,359,259","134,023,853","133,132,800","133,441,401","134,143,878","270,792,000","264,062,500","263,414,634","266,528,497","220,000,000","140,000,000","158,181,818","123,478,261","68,679,245","67,659,574","50,285,714","42,000,000","40,000,000","28,450,704","22,564,103","23,404,255"
40,TotalOperatingIncomeAsReported,"-4,076,545,000","-666,273,000","-946,074,000","-163,272,000","-761,946,000","920,001,000","185,942,000","1,121,558,000","783,800,000","490,493,000","916,080,000","2,010,744,000","1,908,403,000","1,490,862,000","927,430,000","373,045,000","187,172,000","221,138,000","275,001,000","384,287,000","268,624,000","158,200,000","229,700,000","183,400,000","76,100,000","11,400,000","18,000,000","23,400,000","-4,500,000","-4,100,000","-7,400,000","-10,500,000","-12,900,000","-15,600,000","-29,100,000","-26,600,000"
41,TotalExpenses,"1,125,409,000","1,356,417,000","1,226,767,000","1,278,548,000","1,605,262,000","2,013,953,000","2,301,134,000","3,133,788,000","2,776,083,000","2,205,339,000","1,891,096,000","1,630,040,000","1,538,098,000","1,504,449,000","1,172,809,000","1,009,092,000","879,059,000","766,242,000","711,355,000","618,042,000","613,976,000","547,700,000","558,500,000","529,800,000","438,200,000","316,600,000","334,000,000","171,500,000","144,200,000","181,500,000","143,600,000","114,200,000","56,900,000","44,400,000","63,800,000","98,200,000"
42,NetIncomeFromContinuingAndDiscontinuedOperation,"-3,978,459,000","-700,590,000","-885,050,000","-516,511,000","-929,580,000","511,000,000","8,491,000","782,697,000","522,344,000","370,898,000","773,429,000","1,678,642,000","1,560,995,000","1,206,011,000","731,866,000","296,696,000","146,086,000","166,416,000","209,503,000","263,910,000","165,554,000","95,300,000","162,000,000","263,900,000","79,300,000","1,600,000","21,500,000","19,100,000","-11,500,000","-15,200,000","-8,800,000","-10,500,000","-8,400,000","-10,100,000","-44,000,000","-16,500,000"
43,NormalizedIncome,"-295,622,124","-136,647,476","-150,261,636","-442,041,600","348,529,345","839,782,228","369,788,600","765,115,240","512,163,039","370,898,000","773,429,000","1,678,642,000","1,539,377,295.15","1,194,132,346.26","715,399,775.63","263,617,865.81","137,930,238.10","157,863,977.67","200,078,486.13","253,762,805.58","156,584,513.44","103,425,179.28","157,579,904.72","118,741,095.89","44,858,921.57","-1,760,000","4,584,558.82","16,093,518.52","-12,000,000","-17,300,000","-10,240,000","-12,540,000","-8,526,315.79","-9,619,047.62","-14,000,000","-16,800,000"
44,InterestIncome,"9,012,000","6,007,000","8,302,000","5,449,000","18,000","36,286,000","-1,298,000","2,754,000","5,188,000","1,484,000","9,886,000","6,843,000",,,,,,,,,,,,,,,,,,,,,,,,
45,InterestExpense,"164,653,000","279,435,000","297,611,000","291,989,000","222,915,000","213,854,000","156,477,000","106,300,000","85,763,000","55,727,000","9,457,000","1,685,000",,,,,,,,,,,,,,,,,,,,,,,,
46,NetInterestIncome,"-155,641,000","-273,428,000","-289,309,000","-286,540,000","-222,897,000","-177,568,000","-156,477,000","-103,546,000","-80,575,000","-54,243,000","429,000","5,158,000",,,,,,,,,,,,,,,,,,,,,,,,
47,EBIT,"-4,074,209,000","-629,650,000","-939,565,000","-157,823,000","-744,114,000","956,287,000","185,942,000","1,124,312,000","788,988,000","491,977,000","925,966,000","2,017,587,000","1,908,403,000","1,490,862,000","927,430,000","373,045,000","187,172,000","221,138,000","275,001,000","384,287,000","268,624,000","158,200,000","229,700,000","183,400,000","76,100,000","11,400,000","18,000,000","23,400,000","-4,500,000","-4,100,000","-7,400,000","-10,500,000","-12,900,000","-15,600,000","-29,100,000","-26,600,000"
48,ReconciledCostOfRevenue,"989,804,000","1,187,625,000","1,153,551,000","1,206,914,000","1,536,004,000","1,937,110,000","2,194,363,000","3,015,791,000","2,676,093,000","1,476,524,000","1,259,270,000","1,110,626,000","1,133,782,000","1,129,145,000","883,916,000","756,821,000","636,222,000","560,490,000","529,947,000","452,243,000","479,406,000","422,900,000","456,500,000","387,100,000","331,500,000","240,000,000","243,200,000","128,600,000","103,900,000","131,400,000","112,100,000","81,800,000","37,300,000","25,400,000","29,600,000","54,900,000"
49,ReconciledDepreciation,"374,129,000","440,221,000","486,530,000","547,990,000","611,067,000","634,305,000","863,547,000","879,422,000","758,621,000","658,640,000","539,829,000","408,313,000","356,658,000","292,987,000","253,325,000","241,752,000","209,123,000","182,590,000","154,469,000","141,502,000","110,787,000","89,000,000","71,700,000","77,900,000","52,200,000","36,500,000","39,500,000","20,500,000","17,700,000","19,900,000","14,400,000","14,200,000","12,100,000","14,500,000","28,000,000","34,700,000"
50,NetIncomeFromContinuingOperationNetMinorityInterest,"-3,978,459,000","-696,769,000","-885,050,000","-515,025,000","-929,580,000","511,000,000","-152,011,000","782,697,000","522,344,000","370,898,000","773,429,000","1,678,642,000","1,560,995,000","1,206,011,000","731,866,000","296,696,000","146,086,000","166,416,000","209,503,000","263,910,000","165,554,000","95,300,000","162,000,000","263,900,000","79,300,000","1,600,000","21,500,000","19,100,000","-8,100,000","-13,400,000","-8,800,000","-10,500,000","-8,400,000","-10,100,000","-44,000,000","-16,500,000"
51,TotalUnusualItemsExcludingGoodwill,"-3,922,084,000","-584,678,000","-803,926,000","-121,639,000","-1,440,935,000","-418,298,000","-745,428,000","21,056,000","12,871,000",,0,,"26,485,000","14,665,000","20,728,000","40,592,000","9,034,000","9,609,000","10,946,000","13,457,000","12,261,000","-10,700,000","6,300,000","208,800,000","44,300,000","5,600,000","21,400,000","3,400,000","6,500,000","6,500,000","2,400,000","3,400,000","200,000","-800,000","-50,000,000","500,000"
52,TotalUnusualItems,"-3,922,084,000","-584,678,000","-803,926,000","-121,639,000","-1,440,935,000","-418,298,000","-745,428,000","21,056,000","12,871,000",,0,,"26,485,000","14,665,000","20,728,000","40,592,000","9,034,000","9,609,000","10,946,000","13,457,000","12,261,000","-10,700,000","6,300,000","208,800,000","44,300,000","5,600,000","21,400,000","3,400,000","6,500,000","6,500,000","2,400,000","3,400,000","200,000","-800,000","-50,000,000","500,000"
53,NormalizedEBITDA,"222,004,000","395,249,000","350,891,000","511,806,000","1,307,888,000","2,008,890,000","1,794,917,000","1,982,678,000","1,534,738,000","1,150,617,000","1,465,795,000","2,425,900,000","2,238,576,000","1,769,184,000","1,160,027,000","574,205,000","387,261,000","394,119,000","418,524,000","512,332,000","367,150,000","257,900,000","295,100,000","52,500,000","84,000,000","42,300,000","36,100,000","40,500,000","6,700,000","9,300,000","4,600,000","300,000","-1,000,000","-300,000","48,900,000","7,600,000"
54,TaxRateForCalcs,0.061,0.042,0.086,0.4,0.113,0.214,0.3,0.165,0.209,0.166,0.156,0.167,0.184,0.19,0.206,0.185,0.097,0.11,0.139,0.246,0.268,0.241,0.298,0.305,0.223,0.4,0.21,0.116,0.4,0.4,0.4,0.4,0.368,0.399,0.4,0.4
55,TaxEffectOfUnusualItems,"-239,247,124","-24,556,476","-69,137,636","-48,655,600","-162,825,655","-89,515,772","-223,628,400","3,474,240","2,690,039",0,0,0,"4,867,295.15","2,786,346.26","4,261,775.63","7,513,865.81","878,238.10","1,056,977.67","1,521,486.13","3,309,805.58","3,291,513.44","-2,574,820.72","1,879,904.72","63,641,095.89","9,858,921.57","2,240,000","4,484,558.82","393,518.52","2,600,000","2,600,000","960,000","1,360,000","73,684.21","-319,047.62","-20,000,000","200,000"
,,,,,,,,,,,,,,,,,,,,,,,,,,,,,,,,,,,,,
1,ROA1,-0.93304826,-0.084566379,-0.095526968,-0.047848756,-0.081256162,0.039637033,0.000639054,0.048261134,0.035757946,0.027483781,0.068924951,0.199912206,0.219786293,0.205243323,0.159589997,0.068262988,0.044161787,0.052174028,0.068337425,0.09558228,0.063784251,0.03474078,0.074359681,0.170806216,0.057481351,0.002158079,0.029057981,0.041825095,-0.037084811,-0.040318302,-0.032424466,-0.059456399,-0.047917855,-0.097396336,-0.380622837,-0.081845238
2,ROA2,-0.634096443,-0.07984195,-0.088242118,-0.046459744,-0.076407705,0.039039214,0.000575568,0.050782056,0.037173629,0.030012202,0.078848042,0.21660977,0.240553932,0.230552518,0.163869901,0.077523601,0.0449661,0.0532076,0.072038049,0.098357154,0.065855038,0.03665228,0.087938335,0.17903383,0.074544765,0.002160265,0.034688609,0.051617683,-0.033474021,-0.046884639,-0.039285714,-0.059676044,-0.060215054,-0.092111263,-0.277427491,#REF!
3,ROE,12.776533,-0.191472,-0.190146,-0.086799,-0.143732,0.068847,0.001165,0.086486,0.061537,0.045802,0.106129,0.24728,0.295294,0.28029,0.227172,0.108926,0.061487,0.076614,0.105623,0.14826,0.105249,0.060569,0.123617,0.223827,0.0849,0.003055,0.040704,0.063487,-0.05422,-0.065915,-0.051856,-0.088458,-0.069022,-0.115693,-0.620592,-0.143728
4,ROC,-1.078902,-0.0934,-0.103733,-0.05167,-0.086012,0.042901,0.000698,0.053586,0.039805,0.030477,0.076925,0.22265,0.251379,0.237066,0.186903,0.076822,0.050592,0.060258,0.078949,0.11052,0.072847,0.038664,0.084371,0.198319,0.067243,0.002403,0.032531,0.045753,-0.041471,-0.044931,-0.03611,-0.074415,-0.057891,-0.107791,-0.446701,-0.115223
5,OperatingMargin,-0.167107,-0.039051,-0.132931,-0.033659,0.302686,0.399224,0.288126,0.259902,0.217346,0.181945,0.326335,0.552283,0.553722,0.497732,0.441583,0.269905,0.175545,0.223964,0.278805,0.383394,0.304355,0.224111,0.291423,0.257151,0.147968,0.034756,0.051136,0.120062,-0.032212,-0.023112,-0.054332,-0.101254,-0.293182,-0.541667,-0.838617,-0.371508
6,NetMargin,-4.125868,-0.53667,-0.817352,-0.41758,-0.403803,0.152435,0.002627,0.184847,0.147263,0.137582,0.275519,0.461066,0.452922,0.402633,0.348468,0.214665,0.137012,0.168543,0.212401,0.262311,0.187575,0.119705,0.205532,0.360628,0.152829,0.004878,0.06108,0.107234,-0.082319,-0.085682,-0.064611,-0.101254,-0.190909,-0.350694,-1.268012,-0.230447
7,CurrentRatio,2.758329,0.816568,1.803375,1.751995,1.883195,1.436471,1.388662,1.322288,1.432143,1.280993,1.153179,3.417906,1.826736,1.745617,1.337165,2.014595,1.985763,1.729177,1.6591,2.380397,1.845571,1.245607,1.253791,1.733159,2.564356,2.175926,2.918591,2.758865,1.442831,1.648459,2.078481,1.765432,1.467066,1.942308,2.583333,2.009259
8,QuickRatio,2.758329,0.816568,1.803375,1.751995,1.883195,1.436471,1.388662,1.322288,1.432143,1.280993,1.153179,3.417906,1.826736,1.737877,1.3267,1.999402,1.967026,1.712433,1.646173,2.362926,1.826732,1.227175,1.239199,1.703074,2.542574,1.946759,2.748481,2.758865,1.442831,1.648459,2.078481,1.765432,1.467066,1.942308,2.583333,2.009259
9,D/Eratio,-12.842162,1.050023,0.83303,0.67988,0.67107,0.604791,0.668176,0.613948,0.545973,0.502845,0.379643,0.110621,0.174696,0.18233,0.215448,0.417903,0.215349,0.271424,0.337856,0.341472,0.444787,0.566554,0.465166,0.128622,0.262584,0.271339,0.251231,0.387606,0.307402,0.467042,0.436064,0.188711,0.192276,0.07331,0.389281,0.247387
10,EPS,-15.845133,-2.811356,-3.586189,-2.108458,-3.821673,2.111771,0.034307,3.088196,2.061765,1.466429,2.837699,6.317239,5.969377,4.4963,5.437663,2.207445,1.086893,1.242894,1.568911,1.991607,0.61963,0.320362,0.617844,0.981769,0.415662,0.008467,0.138129,0.219778,-0.167648,-0.225305,-0.131997,-0.22839,-0.194229,-0.301025,-1.949145,-0.731837